3517 5709
722 1532 936 1610 SATYRA

261 1668 347 1747 QUA
370 1664 521 1732 RERUM
544 1661 753 1730 BONARUM
777 1589 950 1726 ABUSUS'
972 1661 1027 1728 ET
1056 1659 1173 1726 VITIA
1197 1661 1407 1740 QUAEDAM

549 1766 702 1836 secent
723 1764 1119 1832 PERSTRINGUNTUR.

772 1872 896 1954 (mes.)

349 2032 506 2098 Sollicitas
530 2029 662 2096 volvens
685 2032 807 2092 moesto
831 2027 890 2092 suh
914 2032 1044 2109 pectore
1067 2047 1161 2096 eures

347 2137 564 2220 Thespiadum
588 2152 721 2217 praeses
745 2132 890 2199 Cirrhaei
913 2133 947 2198 in
971 2134 1089 2200 vertice
1111 2137 1230 2200 montis
1348 2165 1350 2172 ·

350 2243 462 2307 ordine
486 2242 658 2322 dispositas
682 2241 776 2305 iussit
798 2239 964 2304 considere
993 2240 1096 2318 divas3

328 2352 418 2443 ⁸tum
442 2344 595 2409 citharam
618 2344 752 2425 proiecit
775 2343 863 2407 humi
885 2323 1074 2424 laurumqne
1099 2339 1221 2424 capillis

319 2467 516 2520 sexcussam
538 2448 686 2513 lacerans
709 2447 759 2511 his
782 2448 914 2513 vocibus
938 2466 995 2512 ora
1016 2447 1163 2513 resolvit:

391 2555 458 2620 Iam
483 2553 716 2618 conclamatum
739 2570 823 2633 pene
847 2556 912 2639 est:
932 2551 999 2633 jam
1025 2547 1144 2632 nostra,
1170 2567 1296 2616 sorores

350 2659 500 2738 Aeoniae,
523 2676 541 2722 e
564 2658 655 2722 tenui
678 2656 839 2737 dependet
861 2655 964 2736 gloria
985 2654 1046 2736 filo,

350 2770 382 2831 et
405 2783 464 2847 per
486 2767 534 2828 tot
557 2769 644 2828 caste
669 2768 816 2827 servatus
840 2761 949 2826 secula
971 2761 1063 2826 nobis

350 2869 558 2952 praecipitem
581 2867 748 2932 minitatur
771 2867 873 2932 honos
896 2884 932 2931 ac
955 2864 1042 2931 fama
1064 2865 1201 2945 ruinam,
1233 2873 1235 2878 '

305 2992 338 3045 10
350 2992 389 3038 ex
412 2992 474 3056 quo
497 2971 691 3038 hloenaliam
714 2971 775 3037 init
797 2989 896 3037 ausus
919 2989 1046 3036 sumere
1068 2972 1188 3036 buxum

351 3077 482 3161 Marsya
505 3075 731 3157 Chaoniosque
753 3074 833 3141 fides
857 3080 984 3140 tentare
1007 3073 1151 3156 profanis

350 3182 492 3247 insulsus
515 3179 634 3246 Bovius
658 3179 783 3260 digitis:
808 3180 882 3245 dum
907 3179 1038 3245 dissona
1062 3179 1188 3246 chordis

351 3305 412 3352 vox
434 3284 549 3350 stridet
572 3284 686 3349 dorum
711 3291 744 3350 et
766 3284 957 3350 miserabile.
1004 3283 1142 3350 Cernitis
1163 3281 1265 3364 ipsae,

351 3396 473 3472 quanta
495 3388 607 3456 cohors
630 3391 750 3470 passim
774 3396 883 3456 currat
905 3408 963 3471 per
985 3389 1132 3470 compita,
1157 3387 1211 3468 qui
1235 3405 1294 3452 nec

305 3514 337 3566 16
348 3493 437 3560 fonte
460 3493 618 3560 caballino
642 3495 807 3560 tinxerunt
829 3496 923 3561 labra
945 3514 1005 3560 nec
1030 3511 1172 3576 unquam

350 3597 482 3665 fatidica
504 3598 539 3662 in
561 3596 657 3662 bifido
680 3599 832 3665 viderunt
855 3600 978 3666 somnia
1002 3599 1091 3677 colle,
1322 3683 1323 3688 ἵ

352 3721 387 3768 se
411 3718 543 3783 magnos
566 3702 708 3782 gaudent
731 3707 840 3767 tamen
864 3704 1027 3784 appellare
1050 3705 1162 3783 poetas
1294 3771 1295 3774 ,

352 3811 386 3872 et
407 3823 479 3871 sese
501 3804 658 3869 immerito
682 3806 818 3870 titillent
841 3806 969 3871 nomine
993 3809 1111 3870 vatum.

352 3911 421 3991 His,
446 3909 559 3976 doctae
582 3905 712 3973 fuerant
735 3909 810 3974 olim
833 3928 917 3991 qnae
939 3908 1083 3996 praemia
1106 3905 1213 3988 fronti,

304 4034 410 4099 anper
432 4014 584 4081 stolidum
607 4018 742 4095 serpunt
764 4013 903 4080 hederae
927 4017 1037 4095 caput:
1060 4013 1182 4078 innnha
1203 4011 1313 4076 laurus

353 4121 544 4187 obscoenam
568 4119 706 4186 scabiem
732 4124 764 4185 et
787 4120 891 4202 turpis
915 4119 995 4199 tegit
1017 4117 1126 4184 ulcera
1147 4115 1266 4183 calvae.

277 4253 285 4266 κ
395 4225 477 4305 Heu,
501 4227 654 4306 quotnam
678 4223 782 4305 piperi
805 4223 930 4290 tunicas
954 4223 1171 4304 scombrisque
1196 4220 1312 4286 datura

354 4329 495 4395 carmina
517 4329 711 4407 scribuntur,
735 4328 873 4393 mediam
897 4327 1057 4409 replentia
1080 4327 1221 4394 chartam

352 4434 481 4499 immani
504 4428 614 4496 titulo!
657 4431 729 4508 Non
752 4433 958 4513 personabile
982 4437 1113 4498 cunctos
1205 4415 1207 4420 ⁸

305 4537 410 4608 aohoo
433 4536 598 4604 cacoethes
620 4533 729 4617 habet,
751 4536 923 4620 gliscitque
947 4555 985 4602 ee
1007 4535 1136 4619 publica
1157 4531 1259 4616 pestis

352 4642 387 4707 in
408 4646 533 4708 mentes
554 4640 728 4724 hominum,
751 4643 806 4739 qni
828 4645 874 4710 nil
898 4645 969 4711 sine
993 4641 1134 4710 carmine
1156 4635 1243 4717 felix,
