3517 5709
387 1842 390 1848 ,
918 1683 969 1762 ¹¹·
1028 1716 1142 1856 tn·
1412 1803 1414 1809 ι
1552 1845 1555 1852 ,

371 1882 639 1951 DAPHNORINI
669 1881 939 1962 QUERlMONlA
974 1882 1032 1946 DE
1064 1881 1146 1948 SUO
1176 1881 1231 1948 ΕΤ
1264 1883 1517 1953 seannnssnn

761 1987 959 2054 SORANAE
983 1985 1128 2052 STATU.

884 2107 1010 2193 (rear.)

459 2272 594 2338 Fractns
616 2287 704 2349 aevo,
729 2271 836 2334 mente
857 2267 1027 2348 languens,
1049 2268 1154 2334 lassus
1177 2269 1379 2350 aegritudine

459 2374 697 2458 Daphnorinns,
721 2393 791 2440 cum
815 2390 963 2455 soporem
986 2371 1150 2455 palpebris
1174 2392 1236 2440 nox
1258 2375 1403 2457 pervigil,

459 2499 599 2564 curaque
621 2480 777 2546 insomnis
800 2478 940 2560 quietern
965 2476 1142 2559 denegaret
1165 2480 1309 2560 artubus,

458 2586 518 2667 bis,
541 2586 676 2652 lucerna
697 2589 790 2664 teste,
814 2585 918 2650 coelos
940 2583 1068 2666 impulit
1091 2585 1247 2666 suspiriis.

428 2708 445 2761 5
501 2689 579 2770 Quis
601 2690 688 2769 mibi,
710 2689 825 2772 inquit,
847 2688 1009 2754 haurienti
1031 2687 1111 2755 lucis
1135 2708 1231 2756 auras
1255 2691 1389 2770 adstitit,
1451 2771 1455 2776 ἱ
1521 2785 1524 2792 Ι

458 2800 492 2862 et
513 2797 592 2862 meis
616 2796 729 2878 genius
752 2795 883 2877 iniquus
906 2793 1046 2876 praefuit
1070 2796 1262 2862 cunabulis?

456 2902 527 2968 Non
548 2902 676 2985 quidem
699 2907 764 2966 tarn
788 2918 886 2968 saera
908 2901 1069 2984 quondam
1092 2898 1162 2966 iata
1177 2905 1359 2983 sortemque
1372 2917 1519 2980 asperam

457 3004 607 3073 Phoebus
629 3013 662 3072 et
684 3005 784 3071 fallax
806 3007 940 3071 dearum
962 3007 1059 3072 turba
1083 3008 1125 3073 nri
1149 3007 1376 3088 spoponderat,

461 3130 532 3178 cum
555 3111 614 3177 soli
636 3112 754 3177 natalis
777 3131 864 3193 arua,
889 3129 1016 3195 quaque
1040 3112 1135 3192 vagii,
1160 3113 1287 3178 dornum

414 3216 576 3288 roexteris
598 3221 724 3282 mutare
746 3217 833 3283 volui
855 3224 946 3282 trans
970 3216 1086 3282 iratum
1111 3219 1291 3300 penatibus.

457 3320 518 3408 Illa
541 3323 648 3403 magni
671 3320 758 3388 fama
779 3324 875 3403 regis,
898 3323 953 3388 illa
976 3324 1069 3390 sedes
1094 3323 1227 3388 coelicas

461 3426 546 3491 orbis
569 3433 602 3493 et
624 3433 828 3510 transgressa
850 3427 941 3508 fines,
964 3430 1054 3512 larga
1077 3427 1301 3508 munificentia,

458 3549 605 3614 quaeque
627 3551 685 3599 ceu
710 3534 798 3599 sidus
822 3533 983 3598 novellum
1007 3532 1175 3616 fulgurans
1199 3532 1383 3598 recentibus

458 3643 554 3702 aucta
575 3636 674 3703 radiis
697 3637 819 3704 lumina
841 3639 874 3703 in
899 3656 934 3703 se
957 3643 1099 3704 verterat
1122 3637 1312 3716 mortalium,

414 3761 446 3812 15
459 3742 540 3808 Sora
563 3742 707 3824 celebria,
731 3749 951 3826 provocarunt
972 3745 1048 3810 illici
1072 3764 1122 3810 mc
1145 3743 1296 3826 praemio.

505 3846 607 3925 Quam
631 3847 686 3913 diu
708 3849 842 3914 robusta
866 3849 998 3928 sanguis
1022 3867 1128 3931 genua
1150 3854 1182 3914 et
1203 3847 1320 3913 insitus
1343 3845 1430 3913 calor

460 3951 602 4032 integros
624 3951 772 4019 firmabat
794 3959 894 4032 artus,
920 3953 1009 4018 nulla
1033 3971 1083 4019 me
1106 3953 1190 4048 vidit
1210 3950 1278 4017 dies

460 4054 525 4121 otio
548 4059 676 4135 torpere
699 4058 819 4123 inerte:
843 4058 937 4122 Musa
961 4063 992 4122 et
1015 4058 1175 4140 ingenuus
1197 4057 1289 4122 labor

459 4159 558 4223 otium
583 4157 674 4225 lucre
696 4169 823 4242 gratum
847 4163 1000 4228 dexterae
1024 4161 1154 4228 artificis
1178 4178 1258 4243 opus

415 4264 617 4347 aodoctaque
639 4266 769 4331 insolita
791 4269 935 4349 supellex
958 4266 1114 4334 fabricata
1137 4266 1288 4348 indagine

460 4368 628 4450 parvulam
651 4370 736 4435 lasso
759 4371 900 4454 quietem
923 4373 1143 4455 praebuerunt
1165 4370 1296 4455 pectori.

460 4473 554 4540 Nunc
576 4475 630 4539 ubi
654 4493 756 4541 annos
780 4480 986 4542 antevertens
1012 4481 1044 4542 et
1068 4477 1163 4541 nimis
1189 4491 1328 4557 praecox
1351 4489 1438 4538 meas

463 4579 595 4646 abstulit
618 4586 749 4647 senecta
772 4581 856 4646 vires
880 4600 994 4665 meque
1018 4581 1094 4674 fecit
1116 4582 1267 4662 impotem
1351 4567 1352 4572 ’

462 4681 548 4750 farre
569 4686 724 4766 pristinos
746 4685 987 4769 labores-quos
1011 4686 1144 4752 iuventa
1165 4682 1315 4765 postulat,
