3517 5709
756 652 907 708 snm.

344 817 548 894 segmentata
569 827 648 876 auro
673 808 878 893 Serranoque
901 810 991 878 ebria
1012 827 1116 892 succo,

279 938 332 991 370
342 919 466 1002 grande
488 917 558 983 viro
580 916 719 997 pretinm
741 922 852 997 spreta
873 915 993 982 virtute
1015 915 1149 996 ferebat,

345 1022 403 1088 red
425 1022 620 1087 laudabatur
642 1019 778 1101 simplex
800 1020 870 1085 sine
892 1021 1012 1087 murico
1035 1022 1143 1101 vestis,
1247 1044 1250 1051 ·

346 1129 512 1210 antiquam
536 1124 679 1192 referens
701 1126 839 1207 speciem
861 1126 1023 1209 priscique
1045 1124 1179 1208 figuram

346 1237 514 1299 ostentans
536 1232 668 1311 decoris,
691 1231 817 1314 qualem
842 1232 975 1297 Boeotia
997 1232 1086 1312 sidit,

345 1338 539 1403 Harmoniae
561 1343 665 1404 castas
688 1337 751 1402 iret
773 1356 843 1403 cum
867 1335 1008 1403 Cadmus
1030 1335 1063 1401 in
1088 1337 1190 1404 ulnas.

280 1461 331 1514 375
345 1442 484 1508 Sartoris
507 1460 592 1508 nunc
615 1443 739 1522 derha,
760 1461 861 1509 nosos
885 1441 1039 1522 effingere
1062 1442 1171 1509 vultus

342 1547 520 1627 ingeniosa,
543 1546 655 1613 avidas
679 1547 839 1613 consumit
860 1552 954 1612 nocte
976 1547 1136 1628 lucernas,

342 1653 490 1734 patribus
513 1652 655 1732 ignotam
680 1651 809 1732 capiant
831 1658 869 1716 ut
890 1651 988 1732 pallia
1011 1650 1144 1718 lumnam

343 1761 376 1821 et
399 1775 564 1839 nunqnam
586 1757 665 1823 visis
688 1761 863 1837 generetur
885 1757 993 1824 abolla
1014 1757 1134 1838 liguris.

347 1863 462 1942 Aspice
485 1880 580 1944 quarn
603 1862 700 1944 longo
723 1863 854 1945 cupiant
874 1881 1065 1944 procurrere
1086 1863 1179 1944 lapsu

278 1965 489 2046 accingentes
512 1966 642 2047 caligae,
665 1967 755 2032 tenui
780 1986 838 2032 cen
858 1965 967 2035 fistula
991 1985 1095 2033 canna

341 2078 528 2152 pressantes
551 2072 709 2138 lumbum:
733 2078 845 2153 spreta
868 2072 1039 2138 coxendice
1063 2071 1143 2138 lines

344 2177 429 2242 ultra
451 2177 553 2259 hepar
574 2196 734 2261 renesque
755 2176 866 2243 lerunt
888 2178 1070 2261 victumque
1092 2178 1218 2243 lienem.

343 2281 381 2347 In
405 2283 515 2362 caligis
537 2284 600 2348 iam
624 2284 721 2348 corda
743 2284 867 2361 sedent,
891 2282 953 2348 iam
979 2283 1123 2362 subligar
1145 2283 1211 2349 alas

344 2391 488 2467 occupat,
512 2388 553 2452 ad
574 2387 719 2466 iugulum
742 2386 910 2467 paullatim
935 2391 967 2451 et
989 2392 1121 2467 guttura
1144 2386 1290 2451 tendens.

279 2507 331 2563 uso
343 2492 391 2556 Ac
412 2491 512 2558 veluti
534 2491 621 2556 lento
644 2490 791 2573 graditur
813 2507 1002 2570 gangraena
1025 2495 1133 2554 meatu

344 2601 549 2679 secretasque
571 2595 671 2660 trahit
693 2593 793 2658 vires:
816 2593 863 2658 sic
885 2598 1020 2674 perpete
1044 2593 1117 2659 nisu

344 2701 505 2783 utrimque
528 2699 654 2766 occulta
675 2703 829 2780 properat
851 2699 1013 2780 serpiglne
1036 2700 1160 2778 bracca,

342 2805 418 2872 hinc
440 2811 586 2872 truncam
610 2806 652 2870 ad
674 2805 807 2871 barbam
831 2810 928 2888 atque
952 2805 1027 2871 inde
1051 2804 1093 2870 ad
1112 2806 1248 2872 calcaria
1263 2809 1404 2887 reptans.

343 2911 410 2976 Nec
432 2929 525 2976 secus
548 2929 586 2976 ac
609 2911 705 2976 dubio
728 2915 855 2976 certant
877 2911 918 2977 de
940 2911 1041 2977 limite
1062 2911 1154 2992 regni

279 3013 467 3085 aaolinitirni
488 3033 639 3097 proceres
661 3033 760 3099 seque
782 3022 902 3097 urgent
925 3017 1038 3100 ancipe
1060 3016 1163 3082 ferro:

344 3119 389 3184 sic
412 3137 484 3184 sese
505 3118 630 3185 alterno
653 3119 750 3186 vicini
772 3120 879 3188 Marte
901 3119 1041 3202 fatigant

342 3222 456 3290 thorax
479 3228 512 3289 et
534 3224 665 3305 caligae.
710 3223 773 3290 Vix
796 3227 932 3308 septima
954 3226 1074 3293 labitur
1095 3232 1211 3307 111111,

343 3348 413 3396 cum
437 3331 581 3397 dominos
604 3328 710 3396 fasces
734 3337 767 3396 et
789 3333 881 3412 rogia
903 3336 1031 3414 sceptra
1052 3333 1185 3398 tenebat

341 3441 499 3516 augustus
522 3436 645 3516 thorax,
669 3471 712 3486 -
734 3437 831 3502 medii
854 3456 919 3520 qua
940 3439 1102 3520 prominet
1126 3439 1220 3504 umbo

277 3555 327 3608 395
341 3540 492 3621 corporis,
516 3540 573 3605 hos
596 3540 642 3605 illi
665 3540 800 3606 dederat
821 3542 957 3607 victoria
979 3540 1069 3620 finer,
1093 3579 1134 3592 -

343 3645 479 3708 mutavit
501 3662 572 3710 sors
595 3663 690 3710 coeca
711 3646 810 3711 vices:
833 3647 896 3710 iam
920 3648 1037 3711 bracca
1059 3645 1236 3725 triumphat

342 3752 375 3812 et
397 3747 515 3813 victum
537 3767 574 3812 ac
596 3767 715 3830 magua
736 3749 900 3814 thoracem
924 3754 1018 3830 parte
1040 3749 1196 3814 ndnutum

342 3854 431 3918 exuit
452 3853 597 3934 imperio,
620 3852 738 3933 triplex
761 3871 820 3919 nec
842 3851 965 3934 proluit
987 3853 1064 3918 ordo

343 3958 499 4023 nodorum
522 3958 638 4023 misero
663 3963 720 4023 aut
741 3958 913 4038 ligularurn
938 3959 1096 4024 exercitus
1119 3959 1242 4040 ingens.

276 4081 328 4133 400
383 4062 445 4129 Sed
470 4060 537 4128 fors
560 4068 687 4144 tempus
710 4065 772 4128 crit
794 4069 904 4130 sextae
926 4069 1001 4146 post
1023 4062 1142 4148 frigora
1164 4065 1307 4146 brumae,

343 4169 546 4249 cumplures
569 4167 673 4234 forfex
696 4170 799 4250 impos
823 4167 977 4250 effingere
999 4170 1098 4249 lusus,

342 4274 492 4338 amissum
516 4279 629 4341 trunco
653 4274 775 4341 thoraci
797 4276 912 4341 reddet
935 4277 1104 4342 honoram:

278 4445 281 4448 ,
343 4397 413 4443 cum
437 4397 534 4445 coxae
557 4380 672 4446 limbos
695 4382 830 4447 reduces
853 4387 949 4465 atque
972 4382 1027 4448 ilia
1047 4382 1170 4463 priscos

342 4473 500 4565 accipient
522 4486 655 4565 cinctus,
679 4501 855 4570 rursusque
877 4487 1049 4553 abdomine
1071 4488 1144 4552 laxo

276 4585 488 4656 cosliberiore
510 4591 608 4671 pulex
630 4591 736 4658 laetus
759 4593 889 4660 saltabit
911 4593 944 4658 in
970 4592 1053 4658 aula.

384 4691 502 4761 Rideat
523 4693 604 4762 haec
625 4696 750 4780 aliquis.
796 4695 859 4765 Sed
881 4697 946 4765 bile
968 4696 1142 4763 tumentior
1164 4698 1245 4774 atra,
