3517 5709
346 658 391 721 84
847 647 999 704 SATYRA.

433 809 475 876 ad
497 808 548 874 iar
570 808 775 876 candidulum
798 814 831 875 et
853 809 927 891 puri
951 809 1114 875 carchesia
1137 810 1234 894 zythi‚

370 930 421 984 180
432 914 482 981 cui
503 933 625 998 pernae
649 932 779 995 cuneus,
803 915 853 980 cui
877 915 953 980 bina
977 921 1168 997 supernatet
1193 916 1286 984 halex

433 1021 467 1086 in
490 1021 661 1101 stomacho,
684 1021 852 1100 languenti
874 1021 1080 1087 irritamenta
1102 1021 1242 1103 palato..

477 1126 570 1204 Quod
592 1133 741 1208 superest
763 1126 852 1206 lucis,
875 1127 991 1208 pugilis
1017 1126 1126 1192 schola
1149 1127 1250 1192 densa
1273 1129 1370 1209 periti

434 1230 596 1298 exhaurit:
620 1230 733 1296 Gallus
755 1231 896 1312 potiores
920 1231 1039 1312 abripit
1061 1232 1157 1297 horas

433 1335 591 1415 hlirmillo‚
615 1337 747 1419 antiquo
769 1336 881 1401 melius
905 1337 1057 1402 docturus
1081 1337 1121 1401 ed
1145 1337 1263 1404 Orcum

369 1457 420 1512 las
432 1447 577 1506 sternere
600 1441 750 1507 subtilem
773 1440 968 1524 dignumque
991 1442 1143 1522 indagine
1168 1440 1288 1507 callem.

432 1545 611 1612 Ridiculum
634 1552 694 1625 est,
717 1546 860 1611 homines
884 1547 1030 1628 populari
1054 1548 1198 1613 occidere
1222 1547 1297 1627 sica,

433 1657 489 1717 aut
511 1651 594 1716 stiva
617 1658 724 1717 costas
747 1658 805 1716 aut
828 1657 922 1717 conto
946 1650 1070 1716 illidere
1094 1651 1232 1718 calvam:

433 1755 549 1838 impius
572 1755 632 1822 hoc
653 1756 744 1822 miles
768 1756 819 1821 vel
840 1757 961 1838 praedo
985 1759 1075 1823 novit
1098 1775 1215 1823 avarus

433 1861 628 1944 aurigaeque
650 1862 738 1927 leves
762 1868 794 1927 et
816 1861 899 1927 tilius
926 1862 1139 1943 Alphesiboei.

371 1983 421 2038 190
432 1964 563 2032 Artifice
585 1965 636 2031 hic
659 1983 740 2047 opus
763 1971 813 2031 est
835 1965 949 2032 dextra
971 1967 1222 2050 inconcessaque
1246 1965 1341 2048 vulgo

436 2070 483 2136 vis
505 2071 612 2151 animi,
635 2070 777 2136 studium
799 2069 896 2152 louge
918 2070 1087 2137 sublimius
1111 2078 1212 2154 optat.

433 2174 562 2260 Ingenti
584 2176 689 2258 pretio
714 2183 746 2241 et
768 2175 868 2241 multo
892 2176 1009 2241 sudore
1032 2177 1211 2259 parandum
1235 2184 1294 2260 est,

434 2286 471 2345 ut
494 2280 599 2346 diseas
620 2287 761 2347 mactare
785 2281 870 2346 viros
894 2288 926 2347 et
951 2282 1043 2348 triste
1067 2284 1205 2348 cadaver

433 2382 574 2450 carnifici
596 2382 713 2451 fecisse
735 2403 841 2450 manu.
888 2385 958 2450 Tua
981 2385 1083 2466 gloria
1104 2388 1217 2469 poscit,

369 2475 566 2560 ¹'renheroum
589 2509 607 2554 o
631 2491 773 2570 sanguis,
795 2496 883 2556 totas
904 2491 1092 2573 impendere
1114 2493 1208 2574 vires,

433 2603 470 2661 ut
492 2597 599 2662 varias
614 2590 730 2663 'caedis
753 2598 877 2678 species
901 2603 934 2664 et
959 2600 1087 2664 uomina
1111 2598 1225 2679 discas,

433 2707 642 2787 temporaque
664 2707 697 2765 et
719 2702 815 2767 miros
840 2702 978 2767 distorto
1002 2719 1134 2783 corpore
1156 2700 1274 2782 flexus:

434 2806 506 2890 quis
528 2814 623 2873 tenor
645 2805 770 2872 insidiis
793 2806 917 2887 habilis,
941 2812 1040 2890 quota
1064 2806 1149 2872 linea
1171 2814 1283 2890 guttur

434 2907 636 2990 transfodiat,
659 2909 762 2993 qualis
787 2911 970 2992 pulmonem
992 2909 1137 2993 perforet
1160 2913 1252 2992 ictus,

368 3020 469 3083 eoout
490 3015 586 3081 cadat
605 3014 777 3081 hesternus
801 3016 894 3083 docto
918 3017 976 3082 suh
1000 3016 1133 3083 vulnere
1157 3018 1287 3099 amicus,

433 3125 534 3202 utque
558 3138 656 3203 queas
680 3121 785 3186 audax
806 3122 840 3186 in
863 3119 979 3190 fortem
1003 3139 1166 3187 arcessere
1187 3139 1329 3204 pugnam

434 3224 609 3291 semideum
632 3227 759 3305 socium,
784 3227 811 3291 si
834 3246 929 3309 quem
952 3227 1010 3293 tibi
1033 3224 1146 3294 feeerit
1168 3226 1293 3295 hostem

433 3326 604 3397 liberiores
626 3331 714 3398 iocus
737 3332 879 3413 spretive
902 3333 1020 3397 iniuria
1042 3333 1133 3414 poeli.

429 3419 518 3502 ⁸Hinc
540 3453 635 3502 verus
658 3437 717 3503 tibi
740 3443 851 3517 surget
873 3437 974 3502 honos
999 3443 1031 3503 et
1054 3437 1156 3517 gloria
1177 3441 1278 3505 maior

368 3555 527 3624 nonquam
549 3560 629 3626 quos
650 3561 709 3624 pro
732 3543 846 3624 patria,
868 3561 928 3624 pro
951 3543 1116 3623 religionis
1141 3542 1245 3610 avitae

435 3647 580 3714 vindiciis
604 3649 691 3714 dnhii
714 3650 803 3714 iuvat
823 3649 872 3714 ire
893 3650 926 3714 in
950 3649 1074 3730 proelia
1096 3648 1219 3713 Martis,

432 3749 504 3817 Non
527 3752 585 3819 hos
608 3755 783 3820 conductus
804 3773 916 3820 manes
937 3754 1071 3820 laudare
1095 3754 1244 3819 sacerdos

435 3857 542 3922 venali
564 3859 657 3925 tollet
680 3877 788 3927 caesos
811 3860 851 3925 ad
875 3860 982 3925 sidera
1004 3860 1122 3942 lingua,

433 3962 635 4043 proclamans
657 3964 775 4046 populo
799 3970 832 4030 et
854 3965 1023 4031 lacrimosa
1045 3982 1123 4030 voce
1147 3977 1320 4028 recensens

370 4081 423 4136 210
436 4065 485 4132 his
509 4086 604 4134 senos
625 4087 819 4152 proavorum
842 4076 955 4135 atavos
979 4067 1178 4151 abavquue
1201 4071 1353 4149 parentes

437 4175 471 4235 et
490 4171 621 4254 longum
644 4194 663 4239 a
684 4176 788 4257 prisco
813 4177 976 4241 deducens
999 4175 1144 4240 Teutone
1167 4179 1316 4238 stemma:
1376 4253 1379 4256 Ι

437 4295 547 4345 verum
568 4279 733 4347 inhumata
754 4281 854 4346 trahit
877 4281 1057 4348 Germanus
1080 4280 1203 4345 viscera
1224 4275 1342 4356 vultur,

437 4401 572 4467 ossaque
595 4387 788 4468 sanguineos
812 4387 949 4468 sparsim
973 4385 1105 4450 disiecta
1126 4403 1185 4465 per
1208 4398 1302 4463 agros

437 4489 556 4556 aJove
578 4497 778 4573 putrescunt,
803 4509 865 4556 non
890 4491 955 4556 ullo
980 4490 1108 4556 condita
1130 4489 1234 4553 busto.

371 4593 503 4663 215Hoc
526 4612 646 4677 apage:
669 4595 799 4660 uberior
820 4593 893 4659 laus
911 4599 950 4666 ¹et
972 4591 1103 4660 fortuna
1126 4591 1230 4658 duello
1254 4595 1312 4656 est.

437 4696 472 4764 Si
493 4699 604 4767 valvas
628 4700 753 4768 animae
773 4698 916 4767 infausto
939 4716 1090 4767 mucrone
1112 4697 1243 4764 resolvit
