<?xml version="1.0" encoding="UTF-8"?>
<!DOCTYPE html PUBLIC "-//W3C//DTD XHTML 1.0 Transitional//EN"
    "http://www.w3.org/TR/xhtml1/DTD/xhtml1-transitional.dtd">
<html xmlns="http://www.w3.org/1999/xhtml" xml:lang="en" lang="en">
 <head>
  <title>
</title>
<meta http-equiv="Content-Type" content="text/html;charset=utf-8" />
  <meta name='ocr-system' content='tesseract 3.04.00' />
  <meta name='ocr-capabilities' content='ocr_page ocr_carea ocr_par ocr_line ocrx_word'/>
</head>
<body>
  <div class='ocr_page' id='page_1' title='image "./scherzgedichte00laurgoog_0092.png"; bbox 0 0 3517 5709; ppageno 0'>
   <div class='ocr_carea' id='block_1_1' title="bbox 748 663 898 721">
    <p class='ocr_par' dir='ltr' id='par_1_1' title="bbox 748 663 898 721">
     <span class='ocr_line' id='line_1_1' title="bbox 748 663 898 721; baseline -0.02 0"><span class='ocrx_word' id='word_1_1' title='bbox 748 663 898 721; x_wconf 77' lang='lat' dir='ltr'>SA&#39;l’YRA.</span> 
     </span>
    </p>
   </div>
   <div class='ocr_carea' id='block_1_2' title="bbox 282 811 1380 4690">
    <p class='ocr_par' dir='ltr' id='par_1_2' title="bbox 289 811 1268 1430">
     <span class='ocr_line' id='line_1_2' title="bbox 289 811 1239 916; baseline -0.011 -16"><span class='ocrx_word' id='word_1_2' title='bbox 289 856 323 910; x_wconf 81' lang='lat' dir='ltr'>st</span> <span class='ocrx_word' id='word_1_3' title='bbox 371 833 517 916; x_wconf 79' lang='lat' dir='ltr'>&#39;Quantis</span> <span class='ocrx_word' id='word_1_4' title='bbox 539 828 731 895; x_wconf 82' lang='lat' dir='ltr'><strong>torminibus</strong></span> <span class='ocrx_word' id='word_1_5' title='bbox 751 826 828 893; x_wconf 91' lang='lat' dir='ltr'>bilis</span> <span class='ocrx_word' id='word_1_6' title='bbox 848 823 925 889; x_wconf 90' lang='lat' dir='ltr'>mihi</span> <span class='ocrx_word' id='word_1_7' title='bbox 948 825 1087 890; x_wconf 79' lang='lat' dir='ltr'>concitat</span> <span class='ocrx_word' id='word_1_8' title='bbox 1110 811 1239 890; x_wconf 80' lang='lat' dir='ltr'>alvum&#39;</span> 
     </span>
     <span class='ocr_line' id='line_1_3' title="bbox 337 928 1215 1025; baseline -0.013 -20"><span class='ocrx_word' id='word_1_9' title='bbox 337 945 481 1025; x_wconf 84' lang='lat' dir='ltr'>quotque</span> <span class='ocrx_word' id='word_1_10' title='bbox 504 936 566 1002; x_wconf 91' lang='lat' dir='ltr'>ciet</span> <span class='ocrx_word' id='word_1_11' title='bbox 589 935 735 1014; x_wconf 88' lang='lat' dir='ltr'>vomitus,</span> <span class='ocrx_word' id='word_1_12' title='bbox 758 949 829 998; x_wconf 92' lang='lat' dir='ltr'>cum</span> <span class='ocrx_word' id='word_1_13' title='bbox 853 928 939 994; x_wconf 89' lang='lat' dir='ltr'>tales·</span> <span class='ocrx_word' id='word_1_14' title='bbox 958 929 1069 994; x_wconf 87' lang='lat' dir='ltr'>haurio</span> <span class='ocrx_word' id='word_1_15' title='bbox 1095 945 1215 1010; x_wconf 89' lang='lat' dir='ltr'>versus,</span> 
     </span>
     <span class='ocr_line' id='line_1_4' title="bbox 340 1032 1164 1118; baseline -0.013 -8"><span class='ocrx_word' id='word_1_16' title='bbox 340 1046 511 1110; x_wconf 80' lang='lat' dir='ltr'>incantare</span> <span class='ocrx_word' id='word_1_17' title='bbox 533 1057 630 1105; x_wconf 86' lang='lat' dir='ltr'>mann</span> <span class='ocrx_word' id='word_1_18' title='bbox 654 1036 768 1118; x_wconf 78' lang='lat' dir='ltr'>tango!</span> <span class='ocrx_word' id='word_1_19' title='bbox 813 1033 999 1100; x_wconf 84' lang='lat' dir='ltr'>Meminisse</span> <span class='ocrx_word' id='word_1_20' title='bbox 1023 1032 1164 1099; x_wconf 89' lang='lat' dir='ltr'>dolorem</span> 
     </span>
     <span class='ocr_line' id='line_1_5' title="bbox 336 1139 1144 1230; baseline -0.017 -14"><span class='ocrx_word' id='word_1_21' title='bbox 336 1152 488 1230; x_wconf 85' lang='lat' dir='ltr'>integrat,</span> <span class='ocrx_word' id='word_1_22' title='bbox 511 1148 687 1212; x_wconf 85' lang='lat' dir='ltr'>immensae</span> <span class='ocrx_word' id='word_1_23' title='bbox 710 1141 848 1225; x_wconf 88' lang='lat' dir='ltr'>pretium</span> <span class='ocrx_word' id='word_1_24' title='bbox 872 1139 1007 1221; x_wconf 87' lang='lat' dir='ltr'>periisse</span> <span class='ocrx_word' id='word_1_25' title='bbox 1030 1139 1144 1222; x_wconf 83' lang='lat' dir='ltr'>papyri</span> 
     </span>
     <span class='ocr_line' id='line_1_6' title="bbox 339 1241 1268 1336; baseline -0.011 -16"><span class='ocrx_word' id='word_1_26' title='bbox 339 1255 581 1336; x_wconf 84' lang='lat' dir='ltr'>mercedemque</span> <span class='ocrx_word' id='word_1_27' title='bbox 605 1250 717 1327; x_wconf 85' lang='lat' dir='ltr'>virdm,</span> <span class='ocrx_word' id='word_1_28' title='bbox 740 1244 851 1328; x_wconf 89' lang='lat' dir='ltr'>praelo</span> <span class='ocrx_word' id='word_1_29' title='bbox 875 1241 929 1326; x_wconf 94' lang='lat' dir='ltr'>qni</span> <span class='ocrx_word' id='word_1_30' title='bbox 953 1244 1096 1309; x_wconf 84' lang='lat' dir='ltr'>carmina</span> <span class='ocrx_word' id='word_1_31' title='bbox 1119 1241 1268 1326; x_wconf 80' lang='lat' dir='ltr'>formant,</span> 
     </span>
     <span class='ocr_line' id='line_1_7' title="bbox 291 1348 1050 1430; baseline -0.024 -1"><span class='ocrx_word' id='word_1_32' title='bbox 291 1359 412 1430; x_wconf 82' lang='lat' dir='ltr'>toficos</span> <span class='ocrx_word' id='word_1_33' title='bbox 436 1366 468 1424; x_wconf 93' lang='lat' dir='ltr'>et</span> <span class='ocrx_word' id='word_1_34' title='bbox 490 1357 628 1422; x_wconf 85' lang='lat' dir='ltr'>tumidas</span> <span class='ocrx_word' id='word_1_35' title='bbox 652 1371 713 1418; x_wconf 92' lang='lat' dir='ltr'>ano</span> <span class='ocrx_word' id='word_1_36' title='bbox 737 1348 864 1417; x_wconf 83' lang='lat' dir='ltr'>foetura</span> <span class='ocrx_word' id='word_1_37' title='bbox 887 1349 1050 1414; x_wconf 82' lang='lat' dir='ltr'>mariscas.</span> 
     </span>
    </p>

    <p class='ocr_par' dir='ltr' id='par_1_3' title="bbox 339 1453 1306 1860">
     <span class='ocr_line' id='line_1_8' title="bbox 383 1453 1306 1546; baseline -0.01 -17"><span class='ocrx_word' id='word_1_38' title='bbox 383 1465 466 1542; x_wconf 83' lang='lat' dir='ltr'>Quid</span> <span class='ocrx_word' id='word_1_39' title='bbox 488 1458 647 1546; x_wconf 90' lang='lat' dir='ltr'>reliquum</span> <span class='ocrx_word' id='word_1_40' title='bbox 670 1457 747 1523; x_wconf 88' lang='lat' dir='ltr'>lecit</span> <span class='ocrx_word' id='word_1_41' title='bbox 769 1455 887 1521; x_wconf 83' lang='lat' dir='ltr'>nobis?</span> <span class='ocrx_word' id='word_1_42' title='bbox 933 1453 1018 1534; x_wconf 81' lang='lat' dir='ltr'>Quid</span> <span class='ocrx_word' id='word_1_43' title='bbox 1041 1453 1196 1533; x_wconf 78' lang='lat' dir='ltr'>grandius</span> <span class='ocrx_word' id='word_1_44' title='bbox 1219 1453 1306 1520; x_wconf 88' lang='lat' dir='ltr'>ultra</span> 
     </span>
     <span class='ocr_line' id='line_1_9' title="bbox 339 1559 1220 1645; baseline -0.011 -11"><span class='ocrx_word' id='word_1_45' title='bbox 339 1568 505 1634; x_wconf 87' lang='lat' dir='ltr'>barbaries</span> <span class='ocrx_word' id='word_1_46' title='bbox 527 1566 656 1631; x_wconf 86' lang='lat' dir='ltr'>inimica</span> <span class='ocrx_word' id='word_1_47' title='bbox 677 1561 810 1645; x_wconf 74' lang='lat' dir='ltr'>potest?</span> <span class='ocrx_word' id='word_1_48' title='bbox 855 1560 923 1624; x_wconf 88' lang='lat' dir='ltr'>Iam</span> <span class='ocrx_word' id='word_1_49' title='bbox 948 1559 1086 1641; x_wconf 92' lang='lat' dir='ltr'>denique</span> <span class='ocrx_word' id='word_1_50' title='bbox 1109 1559 1220 1624; x_wconf 86' lang='lat' dir='ltr'>toedet</span> 
     </span>
     <span class='ocr_line' id='line_1_10' title="bbox 341 1663 1202 1755; baseline -0.01 -18"><span class='ocrx_word' id='word_1_51' title='bbox 341 1673 536 1755; x_wconf 86' lang='lat' dir='ltr'>plectrorum</span> <span class='ocrx_word' id='word_1_52' title='bbox 558 1671 763 1751; x_wconf 79' lang='lat' dir='ltr'>citharaeque</span> <span class='ocrx_word' id='word_1_53' title='bbox 786 1667 895 1747; x_wconf 91' lang='lat' dir='ltr'>pudet,</span> <span class='ocrx_word' id='word_1_54' title='bbox 920 1665 946 1728; x_wconf 92' lang='lat' dir='ltr'>si</span> <span class='ocrx_word' id='word_1_55' title='bbox 971 1663 1060 1754; x_wconf 81' lang='lat' dir='ltr'>nulla</span> <span class='ocrx_word' id='word_1_56' title='bbox 1082 1664 1202 1730; x_wconf 90' lang='lat' dir='ltr'>laboris</span> 
     </span>
     <span class='ocr_line' id='line_1_11' title="bbox 340 1769 1131 1860; baseline -0.011 -18"><span class='ocrx_word' id='word_1_57' title='bbox 340 1777 494 1860; x_wconf 90' lang='lat' dir='ltr'>nullaque</span> <span class='ocrx_word' id='word_1_58' title='bbox 517 1776 665 1843; x_wconf 82' lang='lat' dir='ltr'>nocturni</span> <span class='ocrx_word' id='word_1_59' title='bbox 688 1771 865 1838; x_wconf 82' lang='lat' dir='ltr'>reseremus</span> <span class='ocrx_word' id='word_1_60' title='bbox 888 1770 1033 1851; x_wconf 86' lang='lat' dir='ltr'>praemia</span> <span class='ocrx_word' id='word_1_61' title='bbox 1056 1769 1131 1834; x_wconf 89' lang='lat' dir='ltr'>olivi</span> 
     </span>
    </p>

    <p class='ocr_par' dir='ltr' id='par_1_4' title="bbox 282 1874 1380 4690">
     <span class='ocr_line' id='line_1_12' title="bbox 294 1874 1330 1967; baseline -0.016 -14"><span class='ocrx_word' id='word_1_62' title='bbox 294 1902 435 1967; x_wconf 79' lang='lat' dir='ltr'>nsquam</span> <span class='ocrx_word' id='word_1_63' title='bbox 456 1883 557 1950; x_wconf 91' lang='lat' dir='ltr'>risum</span> <span class='ocrx_word' id='word_1_64' title='bbox 581 1888 614 1947; x_wconf 93' lang='lat' dir='ltr'>et</span> <span class='ocrx_word' id='word_1_65' title='bbox 637 1897 772 1946; x_wconf 88' lang='lat' dir='ltr'>sannam</span> <span class='ocrx_word' id='word_1_66' title='bbox 796 1876 917 1959; x_wconf 85' lang='lat' dir='ltr'>populi.</span> <span class='ocrx_word' id='word_1_67' title='bbox 965 1875 1048 1953; x_wconf 83' lang='lat' dir='ltr'>Quin</span> <span class='ocrx_word' id='word_1_68' title='bbox 1071 1874 1219 1956; x_wconf 88' lang='lat' dir='ltr'>protinus</span> <span class='ocrx_word' id='word_1_69' title='bbox 1242 1879 1330 1939; x_wconf 86' lang='lat' dir='ltr'>artes</span> 
     </span>
     <span class='ocr_line' id='line_1_13' title="bbox 342 1979 1287 2070; baseline -0.01 -16"><span class='ocrx_word' id='word_1_70' title='bbox 342 1988 466 2070; x_wconf 87' lang='lat' dir='ltr'>expetis</span> <span class='ocrx_word' id='word_1_71' title='bbox 488 1987 624 2070; x_wconf 79' lang='lat' dir='ltr'>ignotas,</span> <span class='ocrx_word' id='word_1_72' title='bbox 647 1986 744 2050; x_wconf 92' lang='lat' dir='ltr'>miser</span> <span class='ocrx_word' id='word_1_73' title='bbox 766 2002 784 2048; x_wconf 93' lang='lat' dir='ltr'>o</span> <span class='ocrx_word' id='word_1_74' title='bbox 807 1981 959 2046; x_wconf 74' lang='lat' dir='ltr'>Phoebe?</span> <span class='ocrx_word' id='word_1_75' title='bbox 1005 1979 1112 2063; x_wconf 90' lang='lat' dir='ltr'>thue</span> <span class='ocrx_word' id='word_1_76' title='bbox 1136 1979 1287 2060; x_wconf 80' lang='lat' dir='ltr'>deinceps</span> 
     </span>
     <span class='ocr_line' id='line_1_14' title="bbox 341 2084 1158 2174; baseline -0.01 -16"><span class='ocrx_word' id='word_1_77' title='bbox 341 2092 419 2158; x_wconf 88' lang='lat' dir='ltr'>ielix</span> <span class='ocrx_word' id='word_1_78' title='bbox 442 2110 515 2157; x_wconf 88' lang='lat' dir='ltr'>esse</span> <span class='ocrx_word' id='word_1_79' title='bbox 538 2108 637 2174; x_wconf 87' lang='lat' dir='ltr'>queas</span> <span class='ocrx_word' id='word_1_80' title='bbox 660 2087 824 2170; x_wconf 89' lang='lat' dir='ltr'>multoque</span> <span class='ocrx_word' id='word_1_81' title='bbox 845 2085 1005 2166; x_wconf 88' lang='lat' dir='ltr'>superbus</span> <span class='ocrx_word' id='word_1_82' title='bbox 1028 2084 1158 2166; x_wconf 91' lang='lat' dir='ltr'>honore,</span> 
     </span>
     <span class='ocr_line' id='line_1_15' title="bbox 345 2188 1037 2274; baseline -0.007 -13"><span class='ocrx_word' id='word_1_83' title='bbox 345 2198 458 2263; x_wconf 90' lang='lat' dir='ltr'>discito</span> <span class='ocrx_word' id='word_1_84' title='bbox 481 2197 606 2263; x_wconf 86' lang='lat' dir='ltr'>adulari</span> <span class='ocrx_word' id='word_1_85' title='bbox 628 2195 728 2274; x_wconf 88' lang='lat' dir='ltr'>Divis,</span> <span class='ocrx_word' id='word_1_86' title='bbox 752 2191 905 2272; x_wconf 89' lang='lat' dir='ltr'>effingere</span> <span class='ocrx_word' id='word_1_87' title='bbox 929 2188 1037 2256; x_wconf 83' lang='lat' dir='ltr'>vultus</span> 
     </span>
     <span class='ocr_line' id='line_1_16' title="bbox 282 2297 1171 2381; baseline -0.008 -14"><span class='ocrx_word' id='word_1_88' title='bbox 282 2323 291 2339; x_wconf 62' lang='lat'>²</span> <span class='ocrx_word' id='word_1_89' title='bbox 342 2301 521 2366; x_wconf 85' lang='lat' dir='ltr'>Socraticos</span> <span class='ocrx_word' id='word_1_90' title='bbox 543 2317 722 2381; x_wconf 87' lang='lat' dir='ltr'>magnoque</span> <span class='ocrx_word' id='word_1_91' title='bbox 745 2298 845 2363; x_wconf 91' lang='lat' dir='ltr'>cliens</span> <span class='ocrx_word' id='word_1_92' title='bbox 867 2297 1003 2378; x_wconf 90' lang='lat' dir='ltr'>palpare</span> <span class='ocrx_word' id='word_1_93' title='bbox 1026 2300 1171 2377; x_wconf 86' lang='lat' dir='ltr'>patrono.</span> 
     </span>
     <span class='ocr_line' id='line_1_17' title="bbox 296 2401 1172 2483; baseline -0.009 -9"><span class='ocrx_word' id='word_1_94' title='bbox 296 2405 479 2477; x_wconf 90' lang='lat' dir='ltr'>soDeferre</span> <span class='ocrx_word' id='word_1_95' title='bbox 502 2407 676 2470; x_wconf 83' lang='lat' dir='ltr'>adsuesces</span> <span class='ocrx_word' id='word_1_96' title='bbox 698 2401 876 2481; x_wconf 89' lang='lat' dir='ltr'>mendacia,</span> <span class='ocrx_word' id='word_1_97' title='bbox 899 2407 996 2483; x_wconf 92' lang='lat' dir='ltr'>teque</span> <span class='ocrx_word' id='word_1_98' title='bbox 1019 2401 1172 2481; x_wconf 90' lang='lat' dir='ltr'>magistro</span> 
     </span>
     <span class='ocr_line' id='line_1_18' title="bbox 343 2505 1096 2590; baseline -0.007 -16"><span class='ocrx_word' id='word_1_99' title='bbox 343 2511 497 2576; x_wconf 91' lang='lat' dir='ltr'>innocuos</span> <span class='ocrx_word' id='word_1_100' title='bbox 520 2513 634 2590; x_wconf 79' lang='lat' dir='ltr'>carpat</span> <span class='ocrx_word' id='word_1_101' title='bbox 655 2506 775 2572; x_wconf 88' lang='lat' dir='ltr'>furtiva</span> <span class='ocrx_word' id='word_1_102' title='bbox 797 2505 960 2571; x_wconf 85' lang='lat' dir='ltr'>calumnia</span> <span class='ocrx_word' id='word_1_103' title='bbox 982 2519 1096 2584; x_wconf 88' lang='lat' dir='ltr'>mores,</span> 
     </span>
     <span class='ocr_line' id='line_1_19' title="bbox 345 2609 1207 2694; baseline -0.005 -13"><span class='ocrx_word' id='word_1_104' title='bbox 345 2617 514 2682; x_wconf 81' lang='lat' dir='ltr'>candorem</span> <span class='ocrx_word' id='word_1_105' title='bbox 538 2614 651 2690; x_wconf 68' lang='lat' dir='ltr'>laudm</span> <span class='ocrx_word' id='word_1_106' title='bbox 674 2609 828 2677; x_wconf 71' lang='lat' dir='ltr'>sed&#39;cnm</span> <span class='ocrx_word' id='word_1_107' title='bbox 850 2616 882 2675; x_wconf 90' lang='lat' dir='ltr'>te</span> <span class='ocrx_word' id='word_1_108' title='bbox 905 2616 1018 2674; x_wconf 81' lang='lat' dir='ltr'>saneta</span> <span class='ocrx_word' id='word_1_109' title='bbox 1041 2609 1207 2694; x_wconf 89' lang='lat' dir='ltr'>loquutum</span> 
     </span>
     <span class='ocr_line' id='line_1_20' title="bbox 345 2714 1081 2802; baseline -0.007 -17"><span class='ocrx_word' id='word_1_110' title='bbox 345 2721 484 2786; x_wconf 91' lang='lat' dir='ltr'>audierit</span> <span class='ocrx_word' id='word_1_111' title='bbox 503 2720 651 2802; x_wconf 89' lang='lat' dir='ltr'>populns,</span> <span class='ocrx_word' id='word_1_112' title='bbox 673 2737 746 2782; x_wconf 91' lang='lat' dir='ltr'>mox</span> <span class='ocrx_word' id='word_1_113' title='bbox 768 2716 836 2782; x_wconf 94' lang='lat' dir='ltr'>solo</span> <span class='ocrx_word' id='word_1_114' title='bbox 860 2721 944 2780; x_wconf 90' lang='lat' dir='ltr'>teste</span> <span class='ocrx_word' id='word_1_115' title='bbox 967 2714 1081 2794; x_wconf 88' lang='lat' dir='ltr'>salino,</span> 
     </span>
     <span class='ocr_line' id='line_1_21' title="bbox 343 2821 1103 2907; baseline -0.005 -17"><span class='ocrx_word' id='word_1_116' title='bbox 343 2826 473 2907; x_wconf 87' lang='lat' dir='ltr'>impleto</span> <span class='ocrx_word' id='word_1_117' title='bbox 497 2825 641 2890; x_wconf 88' lang='lat' dir='ltr'>dominas</span> <span class='ocrx_word' id='word_1_118' title='bbox 665 2823 807 2889; x_wconf 89' lang='lat' dir='ltr'>occultus</span> <span class='ocrx_word' id='word_1_119' title='bbox 829 2821 975 2903; x_wconf 88' lang='lat' dir='ltr'>proditor</span> <span class='ocrx_word' id='word_1_120' title='bbox 999 2839 1103 2886; x_wconf 86' lang='lat' dir='ltr'>eures.</span> 
     </span>
     <span class='ocr_line' id='line_1_22' title="bbox 297 2920 1243 3001; baseline 0.002 -7"><span class='ocrx_word' id='word_1_121' title='bbox 297 2948 331 3001; x_wconf 80' lang='lat' dir='ltr'>ss</span> <span class='ocrx_word' id='word_1_122' title='bbox 384 2931 518 2996; x_wconf 83' lang='lat' dir='ltr'>Dixerat</span> <span class='ocrx_word' id='word_1_123' title='bbox 538 2931 618 2996; x_wconf 91' lang='lat' dir='ltr'>haec</span> <span class='ocrx_word' id='word_1_124' title='bbox 639 2920 804 2995; x_wconf 87' lang='lat' dir='ltr'>Phoebus:</span> <span class='ocrx_word' id='word_1_125' title='bbox 828 2928 945 2993; x_wconf 80' lang='lat' dir='ltr'>tacitae</span> <span class='ocrx_word' id='word_1_126' title='bbox 968 2929 1081 2993; x_wconf 89' lang='lat' dir='ltr'>sedere</span> <span class='ocrx_word' id='word_1_127' title='bbox 1105 2936 1243 2996; x_wconf 83' lang='lat' dir='ltr'>sorores</span> 
     </span>
     <span class='ocr_line' id='line_1_23' title="bbox 345 3032 1231 3118; baseline 0.005 -20"><span class='ocrx_word' id='word_1_128' title='bbox 345 3036 564 3118; x_wconf 87' lang='lat' dir='ltr'>attonitaeque</span> <span class='ocrx_word' id='word_1_129' title='bbox 587 3041 682 3100; x_wconf 90' lang='lat' dir='ltr'>metu.</span> <span class='ocrx_word' id='word_1_130' title='bbox 711 3032 792 3101; x_wconf 75' lang='lat' dir='ltr'>sm</span> <span class='ocrx_word' id='word_1_131' title='bbox 814 3033 959 3115; x_wconf 88' lang='lat' dir='ltr'>paullum</span> <span class='ocrx_word' id='word_1_132' title='bbox 983 3055 1002 3100; x_wconf 90' lang='lat' dir='ltr'>a</span> <span class='ocrx_word' id='word_1_133' title='bbox 1023 3035 1100 3100; x_wconf 91' lang='lat' dir='ltr'>sede</span> <span class='ocrx_word' id='word_1_134' title='bbox 1122 3035 1231 3102; x_wconf 84' lang='lat' dir='ltr'>levate</span> 
     </span>
     <span class='ocr_line' id='line_1_24' title="bbox 344 3125 1178 3221; baseline 0.002 -18"><span class='ocrx_word' id='word_1_135' title='bbox 344 3125 468 3204; x_wconf 83' lang='lat' dir='ltr'>Urania</span> <span class='ocrx_word' id='word_1_136' title='bbox 491 3146 523 3204; x_wconf 91' lang='lat' dir='ltr'>et</span> <span class='ocrx_word' id='word_1_137' title='bbox 544 3141 682 3206; x_wconf 90' lang='lat' dir='ltr'>lacrimis</span> <span class='ocrx_word' id='word_1_138' title='bbox 705 3139 871 3205; x_wconf 86' lang='lat' dir='ltr'>manantia</span> <span class='ocrx_word' id='word_1_139' title='bbox 894 3139 1016 3204; x_wconf 89' lang='lat' dir='ltr'>lumina</span> <span class='ocrx_word' id='word_1_140' title='bbox 1039 3144 1178 3221; x_wconf 83' lang='lat' dir='ltr'>tergens,</span> 
     </span>
     <span class='ocr_line' id='line_1_25' title="bbox 345 3243 1132 3311; baseline 0.005 -4"><span class='ocrx_word' id='word_1_141' title='bbox 345 3243 423 3308; x_wconf 90' lang='lat' dir='ltr'>talia</span> <span class='ocrx_word' id='word_1_142' title='bbox 446 3263 523 3310; x_wconf 87' lang='lat' dir='ltr'>voce</span> <span class='ocrx_word' id='word_1_143' title='bbox 544 3243 661 3310; x_wconf 82' lang='lat' dir='ltr'>refert:</span> <span class='ocrx_word' id='word_1_144' title='bbox 685 3244 757 3310; x_wconf 87' lang='lat' dir='ltr'>Tibi</span> <span class='ocrx_word' id='word_1_145' title='bbox 782 3263 846 3310; x_wconf 93' lang='lat' dir='ltr'>non</span> <span class='ocrx_word' id='word_1_146' title='bbox 869 3245 991 3310; x_wconf 87' lang='lat' dir='ltr'>iniusto</span> <span class='ocrx_word' id='word_1_147' title='bbox 1014 3244 1132 3311; x_wconf 90' lang='lat' dir='ltr'>doloris</span> 
     </span>
     <span class='ocr_line' id='line_1_26' title="bbox 345 3351 1255 3434; baseline 0.004 -20"><span class='ocrx_word' id='word_1_148' title='bbox 345 3367 442 3414; x_wconf 85' lang='lat' dir='ltr'>causa</span> <span class='ocrx_word' id='word_1_149' title='bbox 464 3352 564 3429; x_wconf 85' lang='lat' dir='ltr'>sedet,</span> <span class='ocrx_word' id='word_1_150' title='bbox 589 3351 783 3434; x_wconf 86' lang='lat' dir='ltr'>meritusque</span> <span class='ocrx_word' id='word_1_151' title='bbox 805 3356 900 3432; x_wconf 85' lang='lat' dir='ltr'>pater</span> <span class='ocrx_word' id='word_1_152' title='bbox 923 3351 1089 3432; x_wconf 84' lang='lat' dir='ltr'>consurgis</span> <span class='ocrx_word' id='word_1_153' title='bbox 1112 3351 1145 3416; x_wconf 91' lang='lat' dir='ltr'>in</span> <span class='ocrx_word' id='word_1_154' title='bbox 1169 3352 1255 3432; x_wconf 88' lang='lat' dir='ltr'>iras;</span> 
     </span>
     <span class='ocr_line' id='line_1_27' title="bbox 297 3454 1149 3524; baseline -0.002 0"><span class='ocrx_word' id='word_1_155' title='bbox 297 3455 400 3524; x_wconf 79' lang='lat' dir='ltr'>eosed</span> <span class='ocrx_word' id='word_1_156' title='bbox 423 3460 531 3521; x_wconf 87' lang='lat' dir='ltr'>tamen</span> <span class='ocrx_word' id='word_1_157' title='bbox 555 3464 588 3522; x_wconf 91' lang='lat' dir='ltr'>et</span> <span class='ocrx_word' id='word_1_158' title='bbox 610 3461 751 3522; x_wconf 88' lang='lat' dir='ltr'>nostram</span> <span class='ocrx_word' id='word_1_159' title='bbox 775 3454 844 3521; x_wconf 86' lang='lat' dir='ltr'>fata</span> <span class='ocrx_word' id='word_1_160' title='bbox 866 3454 1009 3522; x_wconf 82' lang='lat' dir='ltr'>infelicia</span> <span class='ocrx_word' id='word_1_161' title='bbox 1032 3462 1149 3522; x_wconf 89' lang='lat' dir='ltr'>sortem</span> 
     </span>
     <span class='ocr_line' id='line_1_28' title="bbox 347 3561 1188 3644; baseline 0.005 -22"><span class='ocrx_word' id='word_1_162' title='bbox 347 3561 520 3641; x_wconf 84' lang='lat' dir='ltr'>exagitant,</span> <span class='ocrx_word' id='word_1_163' title='bbox 543 3563 707 3644; x_wconf 88' lang='lat' dir='ltr'>instatque</span> <span class='ocrx_word' id='word_1_164' title='bbox 729 3561 799 3642; x_wconf 88' lang='lat' dir='ltr'>pari</span> <span class='ocrx_word' id='word_1_165' title='bbox 823 3561 1005 3626; x_wconf 90' lang='lat' dir='ltr'>discrimine</span> <span class='ocrx_word' id='word_1_166' title='bbox 1029 3561 1188 3626; x_wconf 88' lang='lat' dir='ltr'>damnum.</span> 
     </span>
     <span class='ocr_line' id='line_1_29' title="bbox 345 3663 1218 3747; baseline 0.003 -20"><span class='ocrx_word' id='word_1_167' title='bbox 345 3663 427 3728; x_wconf 90' lang='lat' dir='ltr'>Nam</span> <span class='ocrx_word' id='word_1_168' title='bbox 450 3670 548 3747; x_wconf 90' lang='lat' dir='ltr'>quota</span> <span class='ocrx_word' id='word_1_169' title='bbox 569 3684 645 3745; x_wconf 91' lang='lat' dir='ltr'>pars</span> <span class='ocrx_word' id='word_1_170' title='bbox 668 3666 832 3730; x_wconf 92' lang='lat' dir='ltr'>bominum</span> <span class='ocrx_word' id='word_1_171' title='bbox 856 3667 933 3730; x_wconf 91' lang='lat' dir='ltr'>nulli</span> <span class='ocrx_word' id='word_1_172' title='bbox 956 3683 1093 3747; x_wconf 87' lang='lat' dir='ltr'>parsura</span> <span class='ocrx_word' id='word_1_173' title='bbox 1115 3666 1218 3731; x_wconf 84' lang='lat' dir='ltr'>labori</span> 
     </span>
     <span class='ocr_line' id='line_1_30' title="bbox 347 3765 1035 3850; baseline 0.003 -18"><span class='ocrx_word' id='word_1_174' title='bbox 347 3766 432 3832; x_wconf 84' lang='lat' dir='ltr'>coloe</span> <span class='ocrx_word' id='word_1_175' title='bbox 454 3765 617 3832; x_wconf 80' lang='lat' dir='ltr'>indefesso</span> <span class='ocrx_word' id='word_1_176' title='bbox 642 3770 743 3833; x_wconf 90' lang='lat' dir='ltr'>nostri</span> <span class='ocrx_word' id='word_1_177' title='bbox 766 3767 895 3850; x_wconf 79' lang='lat' dir='ltr'>fastigia</span> <span class='ocrx_word' id='word_1_178' title='bbox 918 3771 1035 3834; x_wconf 89' lang='lat' dir='ltr'>montis</span> 
     </span>
     <span class='ocr_line' id='line_1_31' title="bbox 347 3872 1221 3956; baseline 0.006 -21"><span class='ocrx_word' id='word_1_179' title='bbox 347 3873 541 3952; x_wconf 83' lang='lat' dir='ltr'>exsuperat?</span> <span class='ocrx_word' id='word_1_180' title='bbox 588 3873 665 3951; x_wconf 83' lang='lat' dir='ltr'>Quis</span> <span class='ocrx_word' id='word_1_181' title='bbox 689 3872 833 3939; x_wconf 82' lang='lat' dir='ltr'>Castalia</span> <span class='ocrx_word' id='word_1_182' title='bbox 855 3892 890 3938; x_wconf 90' lang='lat' dir='ltr'>se</span> <span class='ocrx_word' id='word_1_183' title='bbox 915 3876 1030 3956; x_wconf 88' lang='lat' dir='ltr'>mergit</span> <span class='ocrx_word' id='word_1_184' title='bbox 1051 3875 1084 3939; x_wconf 92' lang='lat' dir='ltr'>in</span> <span class='ocrx_word' id='word_1_185' title='bbox 1109 3877 1221 3942; x_wconf 79' lang='lat' dir='ltr'>unda?</span> 
     </span>
     <span class='ocr_line' id='line_1_32' title="bbox 297 3975 1126 4062; baseline 0 -18"><span class='ocrx_word' id='word_1_186' title='bbox 297 3991 332 4044; x_wconf 79' lang='lat'>95</span> <span class='ocrx_word' id='word_1_187' title='bbox 345 3975 423 4062; x_wconf 81' lang='lat' dir='ltr'>Quis</span> <span class='ocrx_word' id='word_1_188' title='bbox 445 3982 546 4056; x_wconf 91' lang='lat' dir='ltr'>curat,</span> <span class='ocrx_word' id='word_1_189' title='bbox 569 3977 690 4044; x_wconf 89' lang='lat' dir='ltr'>loculos</span> <span class='ocrx_word' id='word_1_190' title='bbox 714 3998 777 4044; x_wconf 93' lang='lat' dir='ltr'>non</span> <span class='ocrx_word' id='word_1_191' title='bbox 802 3979 971 4060; x_wconf 84' lang='lat' dir='ltr'>expletura</span> <span class='ocrx_word' id='word_1_192' title='bbox 994 3999 1126 4062; x_wconf 87' lang='lat' dir='ltr'>capaces</span> 
     </span>
     <span class='ocr_line' id='line_1_33' title="bbox 346 4074 1380 4166; baseline 0.001 -20"><span class='ocrx_word' id='word_1_193' title='bbox 346 4100 405 4163; x_wconf 90' lang='lat' dir='ltr'>per</span> <span class='ocrx_word' id='word_1_194' title='bbox 428 4083 543 4160; x_wconf 86' lang='lat' dir='ltr'>studia,</span> <span class='ocrx_word' id='word_1_195' title='bbox 567 4087 663 4166; x_wconf 89' lang='lat' dir='ltr'>atque</span> <span class='ocrx_word' id='word_1_196' title='bbox 686 4084 799 4165; x_wconf 88' lang='lat' dir='ltr'>inopes</span> <span class='ocrx_word' id='word_1_197' title='bbox 819 4074 964 4150; x_wconf 75' lang='lat' dir='ltr'>&#39;animum</span> <span class='ocrx_word' id='word_1_198' title='bbox 989 4085 1166 4150; x_wconf 85' lang='lat' dir='ltr'>excoluisse</span> <span class='ocrx_word' id='word_1_199' title='bbox 1188 4101 1247 4166; x_wconf 93' lang='lat' dir='ltr'>per</span> <span class='ocrx_word' id='word_1_200' title='bbox 1270 4082 1380 4151; x_wconf 83' lang='lat' dir='ltr'>artesl</span> 
     </span>
     <span class='ocr_line' id='line_1_34' title="bbox 345 4184 1119 4272; baseline 0.006 -21"><span class='ocrx_word' id='word_1_201' title='bbox 345 4184 437 4252; x_wconf 89' lang='lat' dir='ltr'>Unus</span> <span class='ocrx_word' id='word_1_202' title='bbox 460 4188 610 4254; x_wconf 88' lang='lat' dir='ltr'>divitibus</span> <span class='ocrx_word' id='word_1_203' title='bbox 633 4188 719 4254; x_wconf 89' lang='lat' dir='ltr'>Plnti</span> <span class='ocrx_word' id='word_1_204' title='bbox 742 4190 797 4272; x_wconf 90' lang='lat' dir='ltr'>qui</span> <span class='ocrx_word' id='word_1_205' title='bbox 821 4191 937 4257; x_wconf 90' lang='lat' dir='ltr'>crescit</span> <span class='ocrx_word' id='word_1_206' title='bbox 961 4191 994 4255; x_wconf 94' lang='lat' dir='ltr'>in</span> <span class='ocrx_word' id='word_1_207' title='bbox 1019 4191 1119 4256; x_wconf 90' lang='lat' dir='ltr'>hortis</span> 
     </span>
     <span class='ocr_line' id='line_1_35' title="bbox 344 4292 1262 4379; baseline 0.004 -21"><span class='ocrx_word' id='word_1_208' title='bbox 344 4292 505 4376; x_wconf 75' lang='lat' dir='ltr'>flosculus</span> <span class='ocrx_word' id='word_1_209' title='bbox 529 4297 721 4374; x_wconf 80' lang='lat' dir='ltr'>ambrosiam</span> <span class='ocrx_word' id='word_1_210' title='bbox 745 4298 883 4378; x_wconf 88' lang='lat' dir='ltr'>spirans,</span> <span class='ocrx_word' id='word_1_211' title='bbox 906 4316 1073 4379; x_wconf 87' lang='lat' dir='ltr'>panacaea</span> <span class='ocrx_word' id='word_1_212' title='bbox 1096 4297 1262 4376; x_wconf 85' lang='lat' dir='ltr'>malorum,</span> 
     </span>
     <span class='ocr_line' id='line_1_36' title="bbox 347 4399 1195 4481; baseline 0.005 -20"><span class='ocrx_word' id='word_1_213' title='bbox 347 4399 522 4480; x_wconf 89' lang='lat' dir='ltr'>nepenthes</span> <span class='ocrx_word' id='word_1_214' title='bbox 547 4401 641 4478; x_wconf 89' lang='lat' dir='ltr'>vitae,</span> <span class='ocrx_word' id='word_1_215' title='bbox 664 4417 738 4466; x_wconf 83' lang='lat' dir='ltr'>rosa</span> <span class='ocrx_word' id='word_1_216' title='bbox 760 4401 887 4481; x_wconf 89' lang='lat' dir='ltr'>nobilis,</span> <span class='ocrx_word' id='word_1_217' title='bbox 910 4402 1023 4467; x_wconf 92' lang='lat' dir='ltr'>unicus</span> <span class='ocrx_word' id='word_1_218' title='bbox 1048 4401 1101 4466; x_wconf 89' lang='lat' dir='ltr'>ille</span> <span class='ocrx_word' id='word_1_219' title='bbox 1123 4407 1195 4480; x_wconf 87' lang='lat' dir='ltr'>est,</span> 
     </span>
     <span class='ocr_line' id='line_1_37' title="bbox 283 4504 1327 4588; baseline -0.001 -17"><span class='ocrx_word' id='word_1_220' title='bbox 283 4517 334 4573; x_wconf 91' lang='lat'>100</span> <span class='ocrx_word' id='word_1_221' title='bbox 344 4521 438 4585; x_wconf 91' lang='lat' dir='ltr'>quem</span> <span class='ocrx_word' id='word_1_222' title='bbox 460 4504 562 4586; x_wconf 89' lang='lat' dir='ltr'>plebs,</span> <span class='ocrx_word' id='word_1_223' title='bbox 585 4524 679 4588; x_wconf 89' lang='lat' dir='ltr'>quern</span> <span class='ocrx_word' id='word_1_224' title='bbox 702 4507 808 4571; x_wconf 91' lang='lat' dir='ltr'>studio</span> <span class='ocrx_word' id='word_1_225' title='bbox 833 4513 994 4588; x_wconf 87' lang='lat' dir='ltr'>quaerunt</span> <span class='ocrx_word' id='word_1_226' title='bbox 1018 4508 1152 4573; x_wconf 91' lang='lat' dir='ltr'>ardente</span> <span class='ocrx_word' id='word_1_227' title='bbox 1177 4505 1327 4584; x_wconf 79' lang='lat' dir='ltr'>Quirites,</span> 
     </span>
     <span class='ocr_line' id='line_1_38' title="bbox 345 4608 1125 4690; baseline 0.003 -17"><span class='ocrx_word' id='word_1_228' title='bbox 345 4608 395 4673; x_wconf 91' lang='lat' dir='ltr'>cni</span> <span class='ocrx_word' id='word_1_229' title='bbox 418 4613 576 4673; x_wconf 90' lang='lat' dir='ltr'>nocturna</span> <span class='ocrx_word' id='word_1_230' title='bbox 596 4609 701 4674; x_wconf 89' lang='lat' dir='ltr'>inhiat</span> <span class='ocrx_word' id='word_1_231' title='bbox 723 4610 825 4674; x_wconf 90' lang='lat' dir='ltr'>nostri</span> <span class='ocrx_word' id='word_1_232' title='bbox 848 4610 1016 4690; x_wconf 79' lang='lat' dir='ltr'>vigilantia</span> <span class='ocrx_word' id='word_1_233' title='bbox 1040 4610 1125 4676; x_wconf 89' lang='lat' dir='ltr'>secli.</span> 
     </span>
    </p>
   </div>
   <div class='ocr_carea' id='block_1_3' title="bbox 286 4711 1205 4886">
    <p class='ocr_par' dir='ltr' id='par_1_5' title="bbox 286 4711 1205 4886">
     <span class='ocr_line' id='line_1_39' title="bbox 345 4711 1090 4796; baseline 0.005 -18"><span class='ocrx_word' id='word_1_234' title='bbox 345 4712 389 4778; x_wconf 78' lang='lat' dir='ltr'>dr</span> <span class='ocrx_word' id='word_1_235' title='bbox 410 4712 465 4794; x_wconf 91' lang='lat' dir='ltr'>qui</span> <span class='ocrx_word' id='word_1_236' title='bbox 485 4711 600 4778; x_wconf 90' lang='lat' dir='ltr'>Pieriis</span> <span class='ocrx_word' id='word_1_237' title='bbox 623 4714 735 4780; x_wconf 89' lang='lat' dir='ltr'>sollers</span> <span class='ocrx_word' id='word_1_238' title='bbox 757 4715 920 4796; x_wconf 84' lang='lat' dir='ltr'>specietur</span> <span class='ocrx_word' id='word_1_239' title='bbox 941 4717 974 4781; x_wconf 93' lang='lat' dir='ltr'>in</span> <span class='ocrx_word' id='word_1_240' title='bbox 1005 4715 1090 4782; x_wconf 87' lang='lat' dir='ltr'>orvis</span> 
     </span>
     <span class='ocr_line' id='line_1_40' title="bbox 286 4826 1205 4886; baseline 0.013 -14"><span class='ocrx_word' id='word_1_241' title='bbox 286 4827 453 4886; x_wconf 66' lang='lat' dir='ltr'>Lauramberg.</span> <span class='ocrx_word' id='word_1_242' title='bbox 1082 4847 1083 4852; x_wconf 76' lang='grc'>’</span> <span class='ocrx_word' id='word_1_243' title='bbox 1187 4826 1205 4884; x_wconf 88' lang='grc'><strong>6</strong></span> 
     </span>
    </p>
   </div>
   <div class='ocr_carea' id='block_1_4' title="bbox 0 0 1770 5709">
    <p class='ocr_par' dir='ltr' id='par_1_6' title="bbox 0 0 1770 5709">
     <span class='ocr_line' id='line_1_41' title="bbox 0 0 1770 5709; baseline 0 0"><span class='ocrx_word' id='word_1_244' title='bbox 0 0 1770 5709; x_wconf 95' lang='lat' dir='ltr'> </span> 
     </span>
    </p>
   </div>
  </div>
 </body>
</html>
