3517 5709
764 605 915 712 samaa

351 825 386 886 et
407 822 534 902 spretos
557 815 694 893 calcans,
716 813 870 880 Parnassi
892 810 1070 893 transfuga,
1092 813 1201 880 libros.

351 925 540 1003 Heroasque
562 921 648 986 iuter
671 918 818 985 doctrina
840 926 874 984 et
895 918 992 983 laude
1020 918 1162 986 celebres

286 1047 338 1100 ess
350 1025 496 1093 considet
517 1043 555 1090 ac
577 1022 681 1103 valgis
703 1022 756 1088 vin
777 1023 917 1105 imperat
939 1022 1007 1087 otia
1027 1021 1149 1104 plantis

352 1129 536 1214 praesultor
559 1127 730 1205 choragum
754 1128 901 1194 dextram
924 1127 1025 1209 spado
1039 1127 1166 1194 claudit
1189 1129 1332 1210 anhelus,

350 1235 406 1319 qui
428 1233 539 1300 loculis
561 1249 695 1299 servans
718 1239 848 1300 exsecta
869 1233 1047 1314 crepundia
1071 1233 1202 1300 eburnis

353 1344 386 1404 et
408 1357 485 1404 voce
507 1343 540 1403 et
561 1335 644 1404 facie
665 1337 822 1403 iacturam
847 1337 956 1418 prodit
978 1337 1066 1402 anili.

353 1444 484 1510 Vestem
506 1442 540 1506 in
563 1460 740 1508 marmoreo
764 1442 925 1525 quondam
954 1460 1068 1508 curare
1091 1443 1216 1516 camino

286 1548 461 1618 eoodoctus
484 1550 518 1610 et
539 1545 682 1611 advectis
704 1546 810 1624 ignem
834 1546 1031 1613 succendere
1053 1546 1150 1625 silvis,

354 1649 489 1717 Vulcani
511 1650 647 1730 genitor,
668 1648 804 1730 primam
827 1648 1012 1731 spectabilis
1034 1667 1147 1716 urnam

351 1757 493 1823 concutit
514 1773 553 1820 ac
574 1753 717 1836 reliquae
738 1753 948 1834 reprehendit
971 1758 1046 1818 vom
1068 1754 1251 1836 cathedrae,

353 1864 384 1926 et
406 1879 493 1926 nunc
514 1858 683 1940 municipis
706 1859 848 1925 rationes
870 1876 992 1939 ponere
1015 1858 1110 1924 villae

352 1983 523 2032 oeconomo
546 1962 687 2042 mandat,
712 1980 798 2029 nunc
819 1960 1017 2043 pontificalia
1038 1963 1155 2031 lustrat
1286 1991 1287 1994 ¹
1380 1965 1384 1973 '

287 2069 492 2154 aospraedia,
516 2070 690 2136 distentam
712 2064 813 2134 fracto
838 2067 1031 2134 numismate
1052 2069 1177 2150 pellem,

352 2175 568 2257 hibernosque
590 2176 687 2241 hoves
710 2172 858 2240 referens
879 2191 1082 2256 messemque
1104 2175 1242 2242 beatam.

353 2279 424 2357 Quo
448 2279 603 2344 tondente
625 2278 732 2357 gravis
754 2277 877 2344 concivi
899 2277 1001 2343 barba
1023 2280 1170 2359 sonabat,

351 2383 415 2448 iam
438 2399 577 2448 canonas
600 2381 711 2448 didicit
732 2399 888 2464 sacroque
912 2399 950 2447 ex
974 2381 1086 2448 ordine
1109 2384 1222 2450 tondet
1254 2369 1256 2374 ’

351 2507 430 2554 rura
451 2506 512 2554 sua
533 2492 566 2552 et
585 2488 743 2569 proprios,
765 2487 944 2552 mercedem
967 2485 1094 2565 forficis,
1117 2504 1220 2568 egros.

286 2612 339 2664 eto
350 2593 414 2660 Sed
436 2611 478 2658 ne
499 2589 582 2657 forte
604 2598 709 2674 putes,
730 2592 833 2673 graus
855 2591 936 2658 haec
957 2609 1093 2658 munero
1113 2591 1202 2672 posci

353 2702 410 2763 cut
432 2715 563 2779 segnem
585 2697 657 2762 duci
680 2699 778 2762 vitam
801 2714 1001 2780 vacuamque
1022 2697 1149 2762 labore:

353 2802 511 2868 maximus
532 2801 585 2868 hic
605 2801 699 2868 labor
721 2807 781 2882 est,
804 2807 935 2868 unctam
959 2819 1073 2868 curare
1097 2797 1244 2878 culinam,

354 2910 388 2972 et
409 2906 520 2972 bibere
542 2925 562 2970 a
584 2912 677 2972 sexto
697 2905 830 2988 praefixi
851 2906 963 2974 limitis
986 2907 1147 2984 haustum,

354 3029 447 3094 quem
470 3012 551 3075 ratis
572 3010 702 3077 advexit
722 3011 905 3093 peregrina,
929 3016 963 3076 et
983 3010 1092 3093 opinio
1117 3005 1262 3091 praefert

290 3114 534 3196 elsindigenae,
557 3133 751 3199 quamquam
773 3133 916 3196 purosa
937 3114 1027 3184 faece
1048 3117 1187 3199 liquores

354 3238 392 3286 sc
414 3220 520 3286 minus
541 3221 673 3287 insanos
695 3221 837 3302 patrium
860 3222 1030 3304 despumet
1051 3219 1201 3286 ahenum.
1307 3233 1309 3238 ’

355 3324 427 3391 scat
449 3343 555 3391 comcs
576 3326 652 3392 huic
672 3345 857 3408 praegnans
879 3329 1014 3396 ardente
1037 3325 1145 3392 fidelia
1166 3324 1301 3404 Baccho,
1359 3391 1362 3398 ,

354 3429 439 3513 quod
462 3430 669 3496 transmisisti
691 3448 847 3510 generoso
871 3450 889 3496 e
911 3432 1054 3513 palmite,
1078 3429 1200 3508 Rhene,

356 3533 518 3615 poclorum
542 3555 599 3600 rex
622 3535 744 3615 Rhene,
767 3542 839 3602 tuas
863 3537 925 3602 nisi
949 3537 1099 3620 Sequana
1121 3533 1205 3599 vires

289 3654 342 3706 seo
354 3643 495 3718 enervet,
520 3633 784 3706 consors'furtivi
807 3638 913 3706 lactus
940 3641 1079 3708 honoris.

354 3742 445 3809 Haec
467 3743 553 3809 inter
576 3745 684 3809 studio
706 3750 740 3809 et
761 3745 826 3810 iam
848 3749 971 3810 stratae
992 3744 1119 3826 proelia
1141 3757 1272 3808 mensae

355 3845 479 3929 proelia
503 3852 676 3913 narrantur
698 3866 810 3929 regum
834 3849 1014 3930 caedesque
1035 3849 1194 3914 uirorum:

355 3967 438 4032 quae
460 3948 559 4016 fuerit
581 3952 693 4018 victrix
715 3952 810 4032 acies,
833 3957 911 4034 quot
935 3951 1049 4018 suecia
1071 3958 1194 4018 turmas

357 4054 534 4120 miseritis
557 4075 686 4137 campos
708 4055 914 4136 Germanum,
939 4061 972 4122 et
994 4055 1148 4140 quidquid
1172 4070 1288 4120 avarus

291 4176 373 4229 sese
394 4159 525 4241 proprio
547 4158 639 4226 finxit
660 4160 722 4226 sibi
746 4160 920 4242 bibliopola
943 4161 1084 4240 cerebro,

262 4303 266 4307 -
357 4268 394 4327 ut
415 4263 510 4330 solita
531 4265 565 4330 in
589 4269 701 4330 sancto
724 4264 844 4330 vendat
864 4265 1005 4332 ludibria
1024 4265 1153 4347 templo.

258 4427 263 4436 .
358 4368 530 4434 Adduntur
552 4370 671 4451 passim
695 4376 858 4439 tantarum
882 4372 1016 4438 obsonia
1039 4390 1145 4438 rerum

356 4475 477 4556 probra
497 4475 533 4540 in
555 4476 732 4556 coelicolas,
756 4476 898 4542 dirarum
922 4477 1073 4542 immania
1094 4475 1250 4558 plaustra,

359 4584 391 4644 et
413 4579 596 4646 servatricis
620 4585 775 4647 renovata
796 4578 930 4646 infamia
953 4580 1074 4660 rnortiS,

294 4682 474 4766 seodiaque
496 4682 694 4764 blasphemis
717 4685 979 4752 recrudescentis
1001 4684 1120 4765 linguis
