3517 5709
378 638 439 701 188
556 628 581 683 J.
599 626 872 684 LAUREMBERGS
889 626 1014 684 assat
1030 626 1107 683 mm
1124 625 1344 685 schemari..

374 784 594 857 glauhwdrdigen
611 783 787 839 nachrichten
804 785 914 854 nissen,
943 783 998 841 dat
1023 800 1054 842 er
1076 784 1155 842 socna
1168 785 1248 856 jahre
1265 786 1322 842 un'd
1339 786 1399 845 drei
1416 798 1529 845 manate

375 874 424 929 aui
438 874 531 929 seinen
548 874 635 929 reisen
654 872 796 927 verbracht
813 872 869 927 hat
905 874 944 928 Es
962 872 1033 943 folge
1049 874 1110 930 hier
1127 874 1171 930 dic
1187 874 1344 945 gleichung:

444 960 474 1016 Si
491 962 563 1016 vitae
580 975 655 1016 meae
673 960 836 1015 curriculum
853 962 975 1030 accipere
992 978 1047 1017 non
1064 964 1163 1032 renuis,
1182 963 1304 1032 quisquis
1317 978 1364 1019 es:
1382 963 1464 1031 scito,
1484 978 1528 1018 mc

374 1064 529 1105 scscuncem
546 1049 656 1116 aetatis,
682 1062 762 1115 quam
780 1063 852 1103 nunc
870 1049 1037 1117 maequutus
1054 1066 1129 1120 sum,
1158 1050 1188 1105 in
1213 1049 1327 1106 infantia
1355 1065 1388 1105 ac
1404 1049 1531 1119 pueritia

374 1136 578 1205 consumpsisse,
596 1136 668 1191 inter
678 1140 815 1189 maternos
833 1136 973 1207 amplexus
991 1143 1019 1193 et
1031 1138 1123 1193 oscula
1135 1138 1224 1194 dulcia
1235 1143 1386 1208 parentum.
1415 1137 1529 1192 Exinde

374 1224 496 1279 admotus
508 1223 643 1291 litterulis,
656 1222 839 1292 paulatimque
852 1240 1012 1293 progressus
1024 1227 1059 1281 ad
1071 1226 1162 1281 studia
1172 1226 1332 1294 liberaliora,
1343 1223 1530 1294 quadrantem

373 1311 444 1365 vitae
462 1311 581 1379 transegi
600 1311 650 1365 sub
668 1308 757 1363 serula
780 1314 808 1363 et
833 1309 975 1379 disciplina
1001 1312 1169 1369 scholastica
1204 1312 1283 1382 Post,
1308 1312 1376 1366 rude
1399 1310 1529 1377 donatus,

372 1398 497 1455 iuvenilis
515 1398 611 1454 aetatis
630 1397 724 1453 florem
742 1397 829 1452 Musis
846 1400 1011 1454 consecravi:
1030 1416 1096 1468 quas
1114 1406 1233 1455 awtatus
1250 1416 1310 1455 sum
1321 1400 1350 1453 in
1362 1396 1529 1452 Germaniae

373 1485 526 1543 academiis
544 1501 594 1555 per
611 1491 715 1541 sextam
735 1483 864 1540 decimam
882 1485 955 1541 ritae
974 1493 1087 1555 partem.
1122 1488 1188 1543 Mox
1205 1488 1318 1543 Boario
1333 1502 1365 1541 ac
1381 1484 1529 1541 Britannia

373 1590 456 1629 unum
475 1591 517 1631 me
535 1589 635 1629 annum
653 1578 806 1628 tenuerunt.
842 1572 914 1627 Hinc
931 1574 960 1629 in
980 1572 1095 1629 Galliam
1113 1576 1246 1646 concessi,
1267 1574 1314 1629 uhi
1330 1574 1359 1628 in
1377 1570 1529 1627 Academia

372 1660 518 1715 Parisiensi
546 1662 652 1717 unciam
679 1662 750 1715 ritae
776 1675 852 1715 meae
878 1662 1011 1730 impendi:
1048 1677 1148 1717 annum
1175 1669 1264 1719 autem
1292 1677 1377 1717 unum
1405 1661 1436 1715 in
1462 1674 1528 1727 per·

373 1747 532 1805 lustratione
551 1749 715 1818 reliquarum
740 1748 798 1804 eius
821 1750 899 1819 regni
925 1751 1033 1805 urbium
1056 1750 1239 1807 celebriorum.
1274 1749 1383 1804 Italiam
1399 1745 1529 1802 similiter

375 1841 402 1891 et
419 1837 550 1905 imprimis
567 1836 680 1891 Romam
698 1837 778 1891 unius
796 1838 861 1892 anni
878 1839 966 1907 spatio
983 1838 1068 1894 oculis
1085 1838 1253 1909 pedibusque
1273 1834 1415 1906 usurpari,
1443 1847 1529 1901 quam

373 1924 461 1977 animo
478 1924 531 1977 iam
550 1928 611 1979 ante
623 1923 689 1977 mihi
703 1923 818 1979 feceram
830 1927 1047 1999 cognitissimam.
1077 1927 1174 1983 Redux
1188 1928 1216 1982 in
1228 1925 1351 1995 patriam,
1363 1920 1529 1977 tantundem

373 2009 501 2079 temporis
520 2009 678 2065 Germaniae
697 2010 815 2066 docendo
833 2010 946 2082 reddidi,
964 2019 1095 2082 quantum
1114 2012 1240 2069 discendo
1258 2012 1292 2067 ab
1310 2009 1404 2067 eadem
1418 2008 1528 2063 fueram

374 2103 521 2165 mutuatus,
540 2103 621 2165 atque
633 2098 745 2166 insuper
762 2114 861 2153 annum
880 2101 909 2155 in
927 2099 1023 2157 foenus
1040 2101 1133 2156 adieci.
1167 2099 1287 2155 Tandem
1309 2097 1403 2153 Soram
1419 2094 1529 2149 Daniac

374 2184 431 2240 iata
447 2201 490 2240 me
508 2190 645 2255 vocarunt,
662 2185 709 2240 ubi
726 2186 779 2241 ism
797 2200 847 2256 por
864 2188 936 2243 ritae
953 2189 1079 2245 trientem
1094 2188 1254 2259 professoris
1271 2200 1369 2241 munus
1385 2200 1435 2253 pro
1452 2181 1529 2236 virili

375 2279 459 2329 tueor.
496 2273 631 2343 Quarum
643 2274 761 2343 supersit
778 2275 856 2345 vitae,
872 2276 898 2332 is
914 2278 997 2348 norit,
1015 2278 1062 2346 qui
1078 2277 1175 2333 omnia
1203 2276 1246 2331 Tu
1263 2291 1298 2331 ex
1315 2273 1367 2343 his,
1387 2286 1458 2341 quae
1470 2270 1527 2325 elo·

372 2367 450 2417 cutus
468 2376 535 2433 sum,
553 2366 669 2417 aetatem
686 2376 772 2417 meam
794 2361 897 2432 collige.

907 2521 983 2576 1660.

443 2622 561 2681 Graccis
578 2624 691 2695 orsique
716 2642 777 2681 cum
801 2626 901 2681 tabulis
920 2628 1105 2697 geographicis
1125 2627 1167 2684 ed.
1189 2642 1207 2683 s
1225 2623 1349 2682 Samuele
1364 2619 1526 2678 Pufendorf„

371 2712 564 2769 Amstelodami
585 2714 659 2767 1660.
684 2713 722 2769 4⁰.
759 2713 852 2782 (lrrigz
874 2715 1055 2783 1661.1663.)

441 2800 520 2856 Auch
536 2801 566 2855 in
586 2798 714 2855 Gronooii
730 2800 884 2856 Thesaurus
902 2802 1054 2871 antiquitat.
1073 2802 1197 2857 Graecar.
1216 2800 1262 2855 IV.
1283 2799 1376 2853 1-84.

441 2889 473 2943 u
498 2888 695 2944 omassum·
721 2889 902 2959 ubersetzung
926 2889 1098 2946 maroam
1118 2892 1193 2944 1677.
1211 2887 1257 2944 fu.
1291 2885 1351 2940 hul
1372 2884 1420 2940 ser
1443 2883 1520 2937 san-
1614 2847 1619 2872 '

371 2976 534 3045 burgischen
551 2975 781 3046 stadthibliothelr,
800 2976 955 3047 Gottingen.

769 3169 805 3229 ll.
844 3168 998 3229 Poetische
1018 3170 1121 3230 werke.

910 3311 985 3363 1610.

440 3410 507 3465 Viro
525 3440 558 3451 -
572 3411 667 3481 juveni
682 3413 827 3469 lectissimo
837 3412 853 3484 11
863 3412 1032 3469 SIGFRIDO
1053 3412 1266 3483 RUDOLnPHO
1286 3408 1439 3467 JOANNIS
1451 3408 1483 3463 F.
1492 3409 1510 3479 ΙΙ

372 3496 681 3571 ΒΟΗΕΒΗΑΜΜΕΒΟ,
691 3501 705 3572 ΙΙ
717 3501 990 3571 HAMBURGENSI,
999 3502 1014 3571 ΙΙ
1026 3503 1091 3558 Gnm
1103 3503 1131 3556 in
1139 3500 1287 3556 Academia
1295 3496 1483 3553 Rostochiensi
1492 3499 1510 3564 ΙΙ

369 3586 516 3656 Supremas
533 3587 563 3641 in
574 3588 748 3658 Philosophia
760 3590 784 3645 ei
797 3590 907 3644 honoris
920 3590 1018 3659 gradus
1030 3590 1227 3655 decerneretur,
1236 3588 1251 3656 ΙΙ
1263 3584 1482 3644 Gratulabantur.
1491 3586 1509 3653 ΙΙ

369 3673 503 3744 Vignette.
513 3673 703 3731 ROSTOGHII
712 3677 726 3746 ΙΙ
738 3676 867 3732 PROELO
879 3676 1144 3732 MYLIANDRINO.
1156 3673 1171 3747 ΙΙ
1181 3672 1281 3731 ANNO
1295 3673 1334 3728 Μ.
1347 3672 1401 3727 DC.
1414 3672 1446 3726 X.

440 3765 453 3815 1
473 3763 504 3817 B.
522 3765 552 3818 4⁰
569 3766 706 3833 custodem,
726 3764 859 3833 signatur:
886 3764 914 3819 in
940 3763 989 3819 der
1011 3764 1161 3833 sammlung
1185 3762 1233 3817 der
1244 3755 1414 3828 Hamburger
1430 3757 1517 3813 stadt·

368 3847 525 3905 bibliothelr.

440 3936 554 3991 Enthtlt
572 3938 729 3995 lateinische
748 3937 871 4008 gedichte
889 3938 917 3992 in
934 3937 1152 3992 verschiedenem
1168 3933 1309 3991 versmasse
1326 3951 1379 3989 von

439 4022 465 4089 1)
484 4022 517 4075 E.
529 4022 658 4080 Lubinus.
696 4025 722 4095 2)
741 4024 778 4078 Μ.
792 4024 978 4093 sigismundus
990 4023 1068 4077 Philo
1080 4021 1285 4078 Schelhamerus
1295 4022 1327 4076 F.
1362 4020 1388 4089 8)
1406 4022 1428 4077 1.
1446 4020 1520 4075 Lau·

368 4107 443 4163 ronb.
464 4107 507 4163 ein
525 4111 666 4180 disciliges
684 4111 792 4182 gedicht
808 4112 846 4167 im
860 4110 1030 4181 jambischen
1048 4126 1135 4167 senar.
1154 4112 1284 4181 (neigung
1300 4126 1362 4163 aum
1378 4109 1518 4179 lascivere).

370 4192 399 4262 4)
415 4193 441 4248 J.
460 4193 577 4250 Morsius
594 4196 691 4253 Hamb.

751 4354 828 4409 1610.
864 4353 920 4411 dec.
938 4356 960 4409 1.
987 4354 1113 4409 Rostoclc

323 4427 328 4433 ι
438 4410 642 4527 Pompullus
659 4457 837 4528 MAllGNUS.
853 4462 868 4529 ΙΙ
885 4460 1107 4516 TRAGOEDIA.
1123 4460 1137 4528 ΙΙ
1154 4460 1280 4529 Vignette
1294 4456 1518 4533 llhAGIBURGl

367 4543 696 4615 PHABOllDENORUM.
714 4548 729 4618 ΙΙ
746 4546 847 4603 ANNO
865 4548 982 4603 MDGX.

382 4637 386 4644 ’
437 4632 477 4686 Bl.
496 4636 564 4690 2-6
582 4632 716 4705 uidmung
728 4651 763 4689 an
776 4636 819 4692 die
830 4636 965 4706 gebrdder
975 4636 1113 4708 Heinrich,
1127 4635 1244 4706 «Ichana,
1256 4633 1363 4691 Gourad
1375 4633 1518 4705 Rumpius,
