3517 5709
356 627 399 685 94
811 607 1049 678 nunsmonrs.

443 773 537 840 Unde
561 791 670 838 eorum
693 778 744 836 est
766 789 868 851 uacua
891 767 974 834 farto
998 769 1089 852 pyxis
1114 773 1214 852 atque
1237 768 1397 850 capsulae,

443 878 529 943 unde
552 874 693 959 fugitivis
715 875 847 942 anhelat
870 893 946 940 arca
970 881 1081 940 nostra
1103 874 1285 938 nummulis.

396 1002 430 1054 65
486 983 617 1048 Interim
642 982 823 1061 conscripta
847 981 939 1044 nobis
962 997 1061 1060 opera
1083 978 1252 1061 foetusque
1276 979 1394 1062 ingeni,

345 1105 348 1112 ·
445 1088 530 1153 mille
554 1087 693 1152 noctium
717 1085 854 1166 vigiliae,
879 1085 996 1163 longus
1019 1103 1176 1150 annorum
1199 1083 1300 1163 labor,

447 1199 521 1261 esca
543 1192 638 1256 tineis
661 1195 695 1254 et
716 1190 901 1270 pudendum
926 1188 1078 1269 pabulum
1103 1189 1212 1254 blattis
1235 1188 1351 1268 iacent,

384 1316 386 1330 ·
446 1299 536 1382 queis
559 1294 740 1362 coronidem
757 1311 951 1374 supremam,
975 1294 1066 1374 queis
1083 1295 1349 1379 uranumgaddere
1365 1293 1507 1358 ultimam

447 1403 619 1484 impeditur
643 1404 753 1464 nostra
775 1398 860 1464 curis
885 1397 989 1462 fracta
1010 1415 1100 1462 mens
1125 1398 1314 1463 domesticis.

398 1528 433 1581 70
445 1507 581 1589 Saepius
604 1523 676 1570 mea
698 1503 880 1584 ingemiscit
902 1503 997 1567 Musa
1020 1503 1135 1568 damno
1158 1503 1227 1581 hoe,
1250 1504 1377 1583 integra

446 1614 537 1694 virgo
560 1610 732 1693 quondam,
756 1627 841 1673 nunc
863 1607 987 1688 pudore
1010 1609 1183 1689 prostituto
1205 1645 1248 1658 -
1263 1610 1357 1675 vabsit
1379 1610 1489 1690 procul

447 1737 541 1784 omen
566 1713 640 1782 hoel
663 1751 705 1763 -
728 1713 897 1778 meretrice
920 1715 1056 1795 quaestu
1079 1714 1182 1778 verita
1206 1713 1301 1778 solari
1325 1713 1451 1778 famem.

448 1824 562 1905 Tuque
586 1838 649 1884 non
673 1838 746 1884 raro
771 1818 873 1884 tulisti
897 1818 1040 1898 graviter
1061 1819 1121 1884 hoc
1145 1819 1346 1900 dispendium

448 1927 587 2005 Phoebe,
612 1925 747 1990 amicum
769 1941 889 1988 numen
911 1921 996 1999 olim,
1020 1921 1102 1988 fidus
1130 1923 1286 1990 hactenus
1310 1941 1424 1989 comes.

403 2051 437 2104 75
450 2033 519 2112 Quo
542 2029 626 2110 fugis
649 2029 758 2094 nunc?
804 2029 913 2110 Teque
936 2027 1030 2093 solito
1055 2028 1217 2095 subtrahis
1241 2028 1448 2109 conspectui?

495 2134 626 2199 Talibus
651 2138 775 2197 noctem
799 2130 941 2214 fatigans
964 2131 1194 2212 Daphnorinus
1217 2135 1392 2215 questibus,

452 2229 576 2305 nescios
599 2238 722 2318 soporis
745 2237 853 2303 oculos
875 2237 1032 2319 irrigabat
1054 2237 1201 2304 lacrimis.

454 2343 534 2408 Cum
558 2341 723 2422 refulgens
746 2342 818 2408 luce
841 2342 927 2408 clara
948 2342 1097 2408 Phoebus
1121 2342 1205 2408 ultro
1229 2361 1264 2408 se
1287 2343 1412 2422 obtulit,

454 2456 487 2514 et
509 2466 609 2530 genas
632 2453 763 2530 tergens
788 2449 896 2514 amicis
919 2448 1014 2514 solvit
1034 2467 1091 2514 ora
1113 2449 1258 2514 uocibus:

328 2611 344 2618 ,
405 2572 441 2625 so
493 2553 594 2618 Parce
618 2552 722 2618 coelos
746 2553 936 2618 immereute
957 2571 1132 2633 provocare
1155 2551 1289 2617 iniuriat

456 2657 572 2728 Certus
596 2664 675 2737 esto,
699 2641 784 2741 quod
808 2648 934 2723 tuarum
959 2659 1040 2723 dura
1061 2673 1168 2723 rerum
1193 2657 1353 2722 acerbitas

456 2769 568 2829 sancta
590 2764 677 2844 regis
699 2763 852 2829 Friderici
877 2762 1088 2829 commovebit
1108 2767 1247 2843 pectora,

457 2866 509 2932 cui
530 2886 680 2949 suprema
702 2868 754 2933 len
777 2873 811 2932 et
833 2887 897 2934 una
922 2887 999 2934 eura
1022 2871 1095 2947 stat,
1118 2867 1228 2949 populi
1252 2867 1346 2932 salus.

458 2970 524 3036 Cur
546 2976 602 3038 tuo
626 2974 739 3050 sedeat
760 2973 870 3056 iniqua
894 2973 989 3042 corde
1012 2971 1214 3039 diffidentia?

410 3076 559 3145 asTanta
580 3080 668 3158 regis
691 3079 889 3158 magnitudo,
911 3083 1001 3144 tanta
1023 3079 1125 3145 uirtus
1148 3077 1311 3159 principis,

458 3199 518 3246 nec
539 3202 650 3263 parem
673 3184 726 3248 cui
748 3203 807 3249 nec
830 3183 1005 3249 secundum
1028 3187 1140 3248 nostra
1163 3187 1300 3248 cernunt
1322 3181 1438 3258 secula,

458 3304 535 3353 vera
557 3307 652 3370 quem
675 3289 775 3354 niveis
799 3289 962 3372 quadrigis
985 3288 1082 3354 Fama
1096 3289 1198 3366 coelo
1215 3287 1354 3365 sustulit,

458 3392 542 3472 quod
566 3393 721 3458 ministris
743 3412 844 3475 parva
866 3394 1009 3476 quamv-is
1032 3411 1197 3474 paucaque
1219 3389 1323 3457 officia
1345 3390 1412 3456 suis

459 3496 598 3575 gaudeat
620 3515 757 3577 pensare
780 3498 871 3578 larga
894 3507 927 3562 et
947 3498 1072 3564 liberali
1096 3499 1236 3576 dextera,

411 3617 446 3669 so
458 3605 490 3665 te
512 3600 635 3666 uidebit
656 3602 844 3671 derelictum
868 3603 1118 3685 destitutumque
1140 3602 1259 3668 auxili?
1313 3599 1318 3606 ⁴

459 3705 526 3771 Nec
549 3706 639 3771 dabit
659 3725 796 3785 messem
817 3707 963 3773 laborum
986 3712 1115 3786 metere,
1138 3725 1217 3789 quos
1240 3713 1275 3771 tu
1297 3711 1347 3771 ter
1369 3707 1477 3772 decem

458 3809 521 3874 iam
544 3828 603 3891 per
625 3830 727 3878 annos
750 3812 921 3893 pertulisti,
945 3812 1040 3878 laude
1064 3831 1127 3879 non
1151 3811 1330 3894 inglorius?

441 3914 522 4004 [Qui
546 3920 621 3980 tuae
643 3935 699 3981 ver
720 3918 869 3982 acuitatis
893 3924 988 3998 atque
1012 3916 1141 3982 floridos
1166 3917 1233 3982 dies

439 4016 598 4097 >publicis
621 4020 733 4087 Danae
755 4023 907 4088 iuventae
931 4022 1124 4088 consecrasti
1148 4021 1328 4099 commodis,

415 4135 448 4188 95
461 4126 497 4184 ut
519 4123 627 4200 gravis
652 4107 737 4191 dune
758 4128 872 4192 bruma
896 4128 984 4193 vitae
1004 4131 1131 4209 torpeat
1154 4126 1238 4192 tristi
1260 4123 1343 4206 gelu,

463 4230 497 4289 et
520 4225 593 4290 nive
612 4246 779 4309 aspersum
800 4230 951 4295 indecoro
975 4230 1121 4313 squaleat
1143 4231 1207 4295 situ
1229 4229 1348 4310 caput?

463 4328 565 4410 Absit,
588 4331 673 4397 absit
694 4333 757 4398 ista
779 4336 896 4400 mentis
920 4335 1066 4416 cogitatio
1089 4333 1218 4416 impiae!

465 4433 589 4515 Nonne,
614 4437 843 4518 cumprimum
866 4458 984 4505 corona
1007 4441 1150 4521 cingeret
1173 4459 1229 4505 rex
1252 4438 1413 4517 verticem,

464 4557 572 4604 annuo
596 4545 686 4605 tuum
708 4543 816 4608 beavit
839 4548 953 4624 sponte
978 4563 1107 4610 censum
1131 4544 1282 4624 auctario,

402 4635 542 4726 roo'regii
564 4641 683 4712 favoris
706 4645 806 4743 arrha·
824 4647 928 4728 prima
948 4653 1075 4728 sceptra
1097 4647 1319 4728 inauguraris?
