<?xml version="1.0" encoding="UTF-8"?>
<!DOCTYPE html PUBLIC "-//W3C//DTD XHTML 1.0 Transitional//EN"
    "http://www.w3.org/TR/xhtml1/DTD/xhtml1-transitional.dtd">
<html xmlns="http://www.w3.org/1999/xhtml" xml:lang="en" lang="en">
 <head>
  <title>
</title>
<meta http-equiv="Content-Type" content="text/html;charset=utf-8" />
  <meta name='ocr-system' content='tesseract 3.04.00' />
  <meta name='ocr-capabilities' content='ocr_page ocr_carea ocr_par ocr_line ocrx_word'/>
</head>
<body>
  <div class='ocr_page' id='page_1' title='image "./scherzgedichte00laurgoog_0106.png"; bbox 0 0 3517 5709; ppageno 0'>
   <div class='ocr_carea' id='block_1_1' title="bbox 716 645 956 714">
    <p class='ocr_par' dir='ltr' id='par_1_1' title="bbox 716 645 956 714">
     <span class='ocr_line' id='line_1_1' title="bbox 716 645 956 714; baseline -0.008 -12"><span class='ocrx_word' id='word_1_1' title='bbox 716 645 956 714; x_wconf 68' lang='lat' dir='ltr'>optumatum.</span> 
     </span>
    </p>
   </div>
   <div class='ocr_carea' id='block_1_2' title="bbox 288 804 1443 4762">
    <p class='ocr_par' dir='ltr' id='par_1_2' title="bbox 288 804 1443 4762">
     <span class='ocr_line' id='line_1_2' title="bbox 352 804 1285 888; baseline -0.002 -16"><span class='ocrx_word' id='word_1_2' title='bbox 352 808 447 873; x_wconf 86' lang='lat' dir='ltr'>Nunc</span> <span class='ocrx_word' id='word_1_3' title='bbox 468 809 544 874; x_wconf 92' lang='lat' dir='ltr'>licet</span> <span class='ocrx_word' id='word_1_4' title='bbox 565 812 616 873; x_wconf 87' lang='lat' dir='ltr'>sat</span> <span class='ocrx_word' id='word_1_5' title='bbox 640 805 827 872; x_wconf 89' lang='lat' dir='ltr'>turbulento</span> <span class='ocrx_word' id='word_1_6' title='bbox 849 824 902 870; x_wconf 89' lang='lat' dir='ltr'>res</span> <span class='ocrx_word' id='word_1_7' title='bbox 924 804 1153 888; x_wconf 74' lang='lat' dir='ltr'>translapsa,</span> <span class='ocrx_word' id='word_1_8' title='bbox 1177 811 1285 871; x_wconf 88' lang='lat' dir='ltr'>tamen</span> 
     </span>
     <span class='ocr_line' id='line_1_3' title="bbox 353 910 1333 992; baseline 0 -16"><span class='ocrx_word' id='word_1_9' title='bbox 353 931 491 992; x_wconf 87' lang='lat' dir='ltr'>magnus</span> <span class='ocrx_word' id='word_1_10' title='bbox 514 913 640 978; x_wconf 89' lang='lat' dir='ltr'>animus</span> <span class='ocrx_word' id='word_1_11' title='bbox 662 917 748 976; x_wconf 82' lang='lat' dir='ltr'>sorte</span> <span class='ocrx_word' id='word_1_12' title='bbox 772 916 911 992; x_wconf 89' lang='lat' dir='ltr'>utraque</span> <span class='ocrx_word' id='word_1_13' title='bbox 934 910 1034 989; x_wconf 82' lang='lat' dir='ltr'>maior</span> <span class='ocrx_word' id='word_1_14' title='bbox 1058 910 1143 976; x_wconf 89' lang='lat' dir='ltr'>haud</span> <span class='ocrx_word' id='word_1_15' title='bbox 1166 912 1251 990; x_wconf 77' lang='lat' dir='ltr'>sinit,</span> <span class='ocrx_word' id='word_1_16' title='bbox 1275 930 1333 976; x_wconf 90' lang='lat' dir='ltr'>suo</span> 
     </span>
     <span class='ocr_line' id='line_1_4' title="bbox 352 1015 1333 1102; baseline 0.001 -21"><span class='ocrx_word' id='word_1_17' title='bbox 352 1018 521 1100; x_wconf 91' lang='lat' dir='ltr'>quicquam</span> <span class='ocrx_word' id='word_1_18' title='bbox 545 1017 659 1082; x_wconf 87' lang='lat' dir='ltr'>honori</span> <span class='ocrx_word' id='word_1_19' title='bbox 683 1022 719 1080; x_wconf 92' lang='lat' dir='ltr'>ut</span> <span class='ocrx_word' id='word_1_20' title='bbox 741 1016 834 1080; x_wconf 89' lang='lat' dir='ltr'>triste</span> <span class='ocrx_word' id='word_1_21' title='bbox 858 1022 985 1096; x_wconf 89' lang='lat' dir='ltr'>tempus</span> <span class='ocrx_word' id='word_1_22' title='bbox 1009 1015 1170 1097; x_wconf 90' lang='lat' dir='ltr'>gloriaeve</span> <span class='ocrx_word' id='word_1_23' title='bbox 1194 1016 1333 1102; x_wconf 67' lang='lat' dir='ltr'>deroget,</span> 
     </span>
     <span class='ocr_line' id='line_1_5' title="bbox 351 1120 1155 1204; baseline -0.001 -17"><span class='ocrx_word' id='word_1_24' title='bbox 351 1121 475 1188; x_wconf 78' lang='lat' dir='ltr'>Crescit</span> <span class='ocrx_word' id='word_1_25' title='bbox 497 1127 698 1204; x_wconf 78' lang='lat' dir='ltr'><strong>augeturque</strong></span> <span class='ocrx_word' id='word_1_26' title='bbox 721 1121 827 1186; x_wconf 89' lang='lat' dir='ltr'>dando</span> <span class='ocrx_word' id='word_1_27' title='bbox 849 1120 946 1201; x_wconf 87' lang='lat' dir='ltr'>pluro</span> <span class='ocrx_word' id='word_1_28' title='bbox 968 1121 1155 1201; x_wconf 88' lang='lat' dir='ltr'>liberalitas,</span> 
     </span>
     <span class='ocr_line' id='line_1_6' title="bbox 288 1225 1315 1307; baseline -0.005 -12"><span class='ocrx_word' id='word_1_29' title='bbox 288 1226 511 1307; x_wconf 83' lang='lat' dir='ltr'>rosdeputaus</span> <span class='ocrx_word' id='word_1_30' title='bbox 532 1226 657 1292; x_wconf 90' lang='lat' dir='ltr'>lucrum</span> <span class='ocrx_word' id='word_1_31' title='bbox 680 1226 741 1292; x_wconf 92' lang='lat' dir='ltr'>sibi</span> <span class='ocrx_word' id='word_1_32' title='bbox 764 1242 844 1305; x_wconf 89' lang='lat' dir='ltr'>esse,</span> <span class='ocrx_word' id='word_1_33' title='bbox 870 1225 955 1306; x_wconf 91' lang='lat' dir='ltr'>quod</span> <span class='ocrx_word' id='word_1_34' title='bbox 978 1226 1088 1306; x_wconf 81' lang='lat' dir='ltr'>probis</span> <span class='ocrx_word' id='word_1_35' title='bbox 1111 1225 1315 1306; x_wconf 77' lang='lat' dir='ltr'><strong>impenditur.</strong></span> 
     </span>
     <span class='ocr_line' id='line_1_7' title="bbox 353 1329 1163 1412; baseline 0.002 -18"><span class='ocrx_word' id='word_1_36' title='bbox 353 1331 444 1409; x_wconf 85' lang='lat' dir='ltr'><strong>Quae</strong></span> <span class='ocrx_word' id='word_1_37' title='bbox 466 1331 524 1396; x_wconf 90' lang='lat' dir='ltr'>tibi</span> <span class='ocrx_word' id='word_1_38' title='bbox 546 1332 681 1412; x_wconf 84' lang='lat' dir='ltr'>patebat</span> <span class='ocrx_word' id='word_1_39' title='bbox 704 1348 785 1395; x_wconf 93' lang='lat' dir='ltr'>aura</span> <span class='ocrx_word' id='word_1_40' title='bbox 808 1329 974 1409; x_wconf 83' lang='lat' dir='ltr'>naviganti</span> <span class='ocrx_word' id='word_1_41' title='bbox 999 1347 1163 1411; x_wconf 89' lang='lat' dir='ltr'>prospera,</span> 
     </span>
     <span class='ocr_line' id='line_1_8' title="bbox 352 1433 1226 1514; baseline -0.003 -13"><span class='ocrx_word' id='word_1_42' title='bbox 352 1436 487 1500; x_wconf 84' lang='lat' dir='ltr'>maxime</span> <span class='ocrx_word' id='word_1_43' title='bbox 509 1455 596 1500; x_wconf 93' lang='lat' dir='ltr'>nunc</span> <span class='ocrx_word' id='word_1_44' title='bbox 618 1434 775 1514; x_wconf 82' lang='lat' dir='ltr'>indigenti</span> <span class='ocrx_word' id='word_1_45' title='bbox 800 1433 910 1498; x_wconf 89' lang='lat' dir='ltr'>clausa</span> <span class='ocrx_word' id='word_1_46' title='bbox 933 1452 997 1497; x_wconf 93' lang='lat' dir='ltr'>non</span> <span class='ocrx_word' id='word_1_47' title='bbox 1021 1435 1083 1498; x_wconf 90' lang='lat' dir='ltr'>erit</span> <span class='ocrx_word' id='word_1_48' title='bbox 1105 1453 1226 1500; x_wconf 73' lang='lat' dir='ltr'>manus,</span> 
     </span>
     <span class='ocr_line' id='line_1_9' title="bbox 352 1537 1240 1621; baseline 0 -17"><span class='ocrx_word' id='word_1_49' title='bbox 352 1539 426 1620; x_wconf 93' lang='lat' dir='ltr'>Ipse</span> <span class='ocrx_word' id='word_1_50' title='bbox 449 1558 507 1620; x_wconf 88' lang='lat' dir='ltr'>ego</span> <span class='ocrx_word' id='word_1_51' title='bbox 529 1539 577 1604; x_wconf 93' lang='lat' dir='ltr'>illi</span> <span class='ocrx_word' id='word_1_52' title='bbox 600 1538 755 1604; x_wconf 86' lang='lat' dir='ltr'>vellicabo</span> <span class='ocrx_word' id='word_1_53' title='bbox 779 1537 862 1602; x_wconf 90' lang='lat' dir='ltr'>lenis</span> <span class='ocrx_word' id='word_1_54' title='bbox 887 1556 1008 1618; x_wconf 90' lang='lat' dir='ltr'>aurem,</span> <span class='ocrx_word' id='word_1_55' title='bbox 1033 1544 1065 1604; x_wconf 89' lang='lat' dir='ltr'>et</span> <span class='ocrx_word' id='word_1_56' title='bbox 1088 1540 1240 1621; x_wconf 90' lang='lat' dir='ltr'>temporis</span> 
     </span>
     <span class='ocr_line' id='line_1_10' title="bbox 352 1628 1223 1722; baseline 0.002 -14"><span class='ocrx_word' id='word_1_57' title='bbox 352 1645 493 1710; x_wconf 83' lang='lat' dir='ltr'>anteacti</span> <span class='ocrx_word' id='word_1_58' title='bbox 515 1663 553 1709; x_wconf 91' lang='lat' dir='ltr'>ac</span> <span class='ocrx_word' id='word_1_59' title='bbox 575 1644 638 1708; x_wconf 90' lang='lat' dir='ltr'>iam</span> <span class='ocrx_word' id='word_1_60' title='bbox 661 1641 791 1707; x_wconf 87' lang='lat' dir='ltr'>fluentis</span> <span class='ocrx_word' id='word_1_61' title='bbox 816 1628 980 1708; x_wconf 87' lang='lat' dir='ltr'>concitabo</span> <span class='ocrx_word' id='word_1_62' title='bbox 1004 1645 1223 1722; x_wconf 77' lang='lat' dir='ltr'>memoriam„</span> 
     </span>
     <span class='ocr_line' id='line_1_11' title="bbox 288 1747 1381 1831; baseline -0.004 -13"><span class='ocrx_word' id='word_1_63' title='bbox 288 1768 338 1818; x_wconf 91' lang='lat'>110</span> <span class='ocrx_word' id='word_1_64' title='bbox 352 1751 462 1831; x_wconf 92' lang='lat' dir='ltr'>sicque</span> <span class='ocrx_word' id='word_1_65' title='bbox 486 1749 606 1813; x_wconf 89' lang='lat' dir='ltr'>dicam:</span> <span class='ocrx_word' id='word_1_66' title='bbox 631 1748 658 1814; x_wconf 94' lang='lat'>0</span> <span class='ocrx_word' id='word_1_67' title='bbox 682 1766 749 1826; x_wconf 84' lang='lat' dir='ltr'>rex,</span> <span class='ocrx_word' id='word_1_68' title='bbox 774 1747 908 1811; x_wconf 90' lang='lat' dir='ltr'>dearum</span> <span class='ocrx_word' id='word_1_69' title='bbox 930 1747 1022 1811; x_wconf 91' lang='lat' dir='ltr'>iirma</span> <span class='ocrx_word' id='word_1_70' title='bbox 1045 1767 1119 1828; x_wconf 89' lang='lat' dir='ltr'>spes</span> <span class='ocrx_word' id='word_1_71' title='bbox 1142 1749 1381 1827; x_wconf 88' lang='lat' dir='ltr'>Parnassidum‚</span> 
     </span>
     <span class='ocr_line' id='line_1_12' title="bbox 354 1853 1287 1932; baseline -0.002 -14"><span class='ocrx_word' id='word_1_72' title='bbox 354 1854 447 1919; x_wconf 87' lang='lat' dir='ltr'>dulce</span> <span class='ocrx_word' id='word_1_73' title='bbox 470 1855 615 1924; x_wconf 85' lang='lat' dir='ltr'>columen</span> <span class='ocrx_word' id='word_1_74' title='bbox 641 1853 787 1918; x_wconf 89' lang='lat' dir='ltr'>eruditae</span> <span class='ocrx_word' id='word_1_75' title='bbox 810 1853 916 1932; x_wconf 90' lang='lat' dir='ltr'>gentis</span> <span class='ocrx_word' id='word_1_76' title='bbox 941 1857 973 1916; x_wconf 89' lang='lat' dir='ltr'>et</span> <span class='ocrx_word' id='word_1_77' title='bbox 994 1870 1150 1918; x_wconf 92' lang='lat' dir='ltr'>summum</span> <span class='ocrx_word' id='word_1_78' title='bbox 1175 1853 1287 1920; x_wconf 88' lang='lat' dir='ltr'>decusl</span> 
     </span>
     <span class='ocr_line' id='line_1_13' title="bbox 351 1955 1225 2040; baseline 0.002 -19"><span class='ocrx_word' id='word_1_79' title='bbox 351 1957 419 2037; x_wconf 87' lang='lat' dir='ltr'>Ille,</span> <span class='ocrx_word' id='word_1_80' title='bbox 443 1976 537 2040; x_wconf 90' lang='lat' dir='ltr'>quem</span> <span class='ocrx_word' id='word_1_81' title='bbox 561 1959 715 2024; x_wconf 86' lang='lat' dir='ltr'>diuturna</span> <span class='ocrx_word' id='word_1_82' title='bbox 737 1955 815 2024; x_wconf 89' lang='lat' dir='ltr'>fecit</span> <span class='ocrx_word' id='word_1_83' title='bbox 836 1958 1007 2040; x_wconf 84' lang='lat' dir='ltr'>aegritudo</span> <span class='ocrx_word' id='word_1_84' title='bbox 1027 1957 1225 2039; x_wconf 86' lang='lat' dir='ltr'>languidum,</span> 
     </span>
     <span class='ocr_line' id='line_1_14' title="bbox 352 2062 1433 2147; baseline 0.002 -21"><span class='ocrx_word' id='word_1_85' title='bbox 352 2082 446 2146; x_wconf 93' lang='lat' dir='ltr'>quem</span> <span class='ocrx_word' id='word_1_86' title='bbox 471 2063 540 2128; x_wconf 90' lang='lat' dir='ltr'>dies</span> <span class='ocrx_word' id='word_1_87' title='bbox 563 2063 742 2147; x_wconf 89' lang='lat' dir='ltr'>longusque</span> <span class='ocrx_word' id='word_1_88' title='bbox 763 2067 893 2127; x_wconf 85' lang='lat' dir='ltr'>uestrae</span> <span class='ocrx_word' id='word_1_89' title='bbox 916 2062 1042 2143; x_wconf 85' lang='lat' dir='ltr'>patriae</span> <span class='ocrx_word' id='word_1_90' title='bbox 1065 2063 1229 2145; x_wconf 84' lang='lat' dir='ltr'>impensus</span> <span class='ocrx_word' id='word_1_91' title='bbox 1254 2063 1345 2129; x_wconf 87' lang='lat' dir='ltr'>labor</span> <span class='ocrx_word' id='word_1_92' title='bbox 1430 2069 1433 2076; x_wconf 82' lang='grc'>’</span> 
     </span>
     <span class='ocr_line' id='line_1_15' title="bbox 353 2166 1152 2249; baseline 0 -17"><span class='ocrx_word' id='word_1_93' title='bbox 353 2186 440 2232; x_wconf 91' lang='lat' dir='ltr'>nuuc</span> <span class='ocrx_word' id='word_1_94' title='bbox 462 2167 597 2246; x_wconf 89' lang='lat' dir='ltr'>iuberet,</span> <span class='ocrx_word' id='word_1_95' title='bbox 621 2172 657 2231; x_wconf 87' lang='lat' dir='ltr'>ut</span> <span class='ocrx_word' id='word_1_96' title='bbox 679 2166 804 2231; x_wconf 89' lang='lat' dir='ltr'>solutus</span> <span class='ocrx_word' id='word_1_97' title='bbox 827 2171 860 2230; x_wconf 92' lang='lat' dir='ltr'>et</span> <span class='ocrx_word' id='word_1_98' title='bbox 883 2166 995 2246; x_wconf 90' lang='lat' dir='ltr'>procul</span> <span class='ocrx_word' id='word_1_99' title='bbox 1017 2168 1152 2249; x_wconf 89' lang='lat' dir='ltr'>negotiis</span> 
     </span>
     <span class='ocr_line' id='line_1_16' title="bbox 292 2270 1268 2353; baseline -0.004 -12"><span class='ocrx_word' id='word_1_100' title='bbox 292 2289 340 2340; x_wconf 83' lang='lat'>115</span> <span class='ocrx_word' id='word_1_101' title='bbox 351 2271 509 2353; x_wconf 88' lang='lat' dir='ltr'>reliquum</span> <span class='ocrx_word' id='word_1_102' title='bbox 532 2272 617 2335; x_wconf 89' lang='lat' dir='ltr'>vitae</span> <span class='ocrx_word' id='word_1_103' title='bbox 640 2272 672 2335; x_wconf 92' lang='lat' dir='ltr'>in</span> <span class='ocrx_word' id='word_1_104' title='bbox 696 2288 826 2335; x_wconf 87' lang='lat' dir='ltr'>recessu</span> <span class='ocrx_word' id='word_1_105' title='bbox 849 2270 954 2348; x_wconf 82' lang='lat' dir='ltr'>degat,</span> <span class='ocrx_word' id='word_1_106' title='bbox 979 2272 1134 2336; x_wconf 87' lang='lat' dir='ltr'>emeritus</span> <span class='ocrx_word' id='word_1_107' title='bbox 1155 2289 1268 2350; x_wconf 64' lang='lat' dir='ltr'>senem</span> 
     </span>
     <span class='ocr_line' id='line_1_17' title="bbox 353 2372 1227 2454; baseline 0.003 -16"><span class='ocrx_word' id='word_1_108' title='bbox 353 2375 418 2452; x_wconf 82' lang='lat' dir='ltr'>ille,</span> <span class='ocrx_word' id='word_1_109' title='bbox 443 2393 514 2440; x_wconf 88' lang='lat' dir='ltr'>cum</span> <span class='ocrx_word' id='word_1_110' title='bbox 536 2392 572 2438; x_wconf 94' lang='lat' dir='ltr'>se</span> <span class='ocrx_word' id='word_1_111' title='bbox 596 2375 676 2438; x_wconf 86' lang='lat' dir='ltr'>Sora</span> <span class='ocrx_word' id='word_1_112' title='bbox 699 2379 828 2439; x_wconf 89' lang='lat' dir='ltr'>vestrae</span> <span class='ocrx_word' id='word_1_113' title='bbox 850 2372 1000 2438; x_wconf 86' lang='lat' dir='ltr'>laudibus</span> <span class='ocrx_word' id='word_1_114' title='bbox 1023 2377 1227 2454; x_wconf 86' lang='lat' dir='ltr'>praesentiae</span> 
     </span>
     <span class='ocr_line' id='line_1_18' title="bbox 354 2473 1216 2558; baseline 0.001 -15"><span class='ocrx_word' id='word_1_115' title='bbox 354 2479 494 2558; x_wconf 87' lang='lat' dir='ltr'>tolleret,</span> <span class='ocrx_word' id='word_1_116' title='bbox 519 2494 650 2544; x_wconf 90' lang='lat' dir='ltr'>consors</span> <span class='ocrx_word' id='word_1_117' title='bbox 673 2476 802 2542; x_wconf 88' lang='lat' dir='ltr'>honoris</span> <span class='ocrx_word' id='word_1_118' title='bbox 825 2473 912 2541; x_wconf 89' lang='lat' dir='ltr'>facta</span> <span class='ocrx_word' id='word_1_119' title='bbox 935 2482 1060 2542; x_wconf 89' lang='lat' dir='ltr'>tantum</span> <span class='ocrx_word' id='word_1_120' title='bbox 1085 2499 1216 2544; x_wconf 90' lang='lat' dir='ltr'>cernere</span> 
     </span>
     <span class='ocr_line' id='line_1_19' title="bbox 352 2582 1277 2664; baseline -0.001 -15"><span class='ocrx_word' id='word_1_121' title='bbox 352 2585 498 2663; x_wconf 85' lang='lat' dir='ltr'>incolam,</span> <span class='ocrx_word' id='word_1_122' title='bbox 521 2587 684 2648; x_wconf 88' lang='lat' dir='ltr'>momenta</span> <span class='ocrx_word' id='word_1_123' title='bbox 707 2582 865 2664; x_wconf 87' lang='lat' dir='ltr'>quaedam</span> <span class='ocrx_word' id='word_1_124' title='bbox 890 2588 923 2646; x_wconf 92' lang='lat' dir='ltr'>et</span> <span class='ocrx_word' id='word_1_125' title='bbox 943 2583 1180 2663; x_wconf 90' lang='lat' dir='ltr'>portiunculam</span> <span class='ocrx_word' id='word_1_126' title='bbox 1202 2589 1277 2648; x_wconf 89' lang='lat' dir='ltr'>tuae</span> 
     </span>
     <span class='ocr_line' id='line_1_20' title="bbox 352 2683 1135 2768; baseline -0.003 -15"><span class='ocrx_word' id='word_1_127' title='bbox 352 2689 461 2754; x_wconf 88' lang='lat' dir='ltr'>iussus</span> <span class='ocrx_word' id='word_1_128' title='bbox 483 2685 678 2753; x_wconf 83' lang='lat' dir='ltr'>institutioni</span> <span class='ocrx_word' id='word_1_129' title='bbox 700 2683 795 2766; x_wconf 86' lang='lat' dir='ltr'>ferre,</span> <span class='ocrx_word' id='word_1_130' title='bbox 817 2691 931 2768; x_wconf 90' lang='lat' dir='ltr'>pectus</span> <span class='ocrx_word' id='word_1_131' title='bbox 955 2686 1013 2752; x_wconf 91' lang='lat' dir='ltr'>hoc</span> <span class='ocrx_word' id='word_1_132' title='bbox 1036 2705 1135 2768; x_wconf 87' lang='lat' dir='ltr'>capax</span> 
     </span>
     <span class='ocr_line' id='line_1_21' title="bbox 289 2791 1099 2866; baseline -0.002 -7"><span class='ocrx_word' id='word_1_133' title='bbox 289 2814 339 2866; x_wconf 83' lang='lat'>120</span> <span class='ocrx_word' id='word_1_134' title='bbox 350 2796 490 2860; x_wconf 90' lang='lat' dir='ltr'>omnium</span> <span class='ocrx_word' id='word_1_135' title='bbox 515 2792 631 2858; x_wconf 89' lang='lat' dir='ltr'>artium</span> <span class='ocrx_word' id='word_1_136' title='bbox 656 2791 790 2858; x_wconf 85' lang='lat' dir='ltr'>eruditis</span> <span class='ocrx_word' id='word_1_137' title='bbox 813 2792 927 2856; x_wconf 87' lang='lat' dir='ltr'>imbuit</span> <span class='ocrx_word' id='word_1_138' title='bbox 950 2793 1099 2857; x_wconf 85' lang='lat' dir='ltr'>scientiis.</span> 
     </span>
     <span class='ocr_line' id='line_1_22' title="bbox 352 2897 1224 2982; baseline -0.003 -18"><span class='ocrx_word' id='word_1_139' title='bbox 352 2898 508 2982; x_wconf 82' lang='lat' dir='ltr'>Quicquid</span> <span class='ocrx_word' id='word_1_140' title='bbox 530 2897 642 2962; x_wconf 92' lang='lat' dir='ltr'>intimo</span> <span class='ocrx_word' id='word_1_141' title='bbox 664 2913 795 2962; x_wconf 89' lang='lat' dir='ltr'>recessu</span> <span class='ocrx_word' id='word_1_142' title='bbox 818 2914 971 2961; x_wconf 90' lang='lat' dir='ltr'>numerus</span> <span class='ocrx_word' id='word_1_143' title='bbox 993 2897 1103 2962; x_wconf 87' lang='lat' dir='ltr'>arcani</span> <span class='ocrx_word' id='word_1_144' title='bbox 1126 2903 1224 2976; x_wconf 87' lang='lat' dir='ltr'>tenet,</span> 
     </span>
     <span class='ocr_line' id='line_1_23' title="bbox 340 3001 1337 3089; baseline -0.001 -22"><span class='ocrx_word' id='word_1_145' title='bbox 340 3004 501 3086; x_wconf 56' lang='lat' dir='ltr'>‚quicquid</span> <span class='ocrx_word' id='word_1_146' title='bbox 524 3007 580 3068; x_wconf 89' lang='lat' dir='ltr'>aut</span> <span class='ocrx_word' id='word_1_147' title='bbox 602 3002 803 3082; x_wconf 85' lang='lat' dir='ltr'>Megareusis</span> <span class='ocrx_word' id='word_1_148' title='bbox 826 3001 921 3089; x_wconf 72' lang='lat' dir='ltr'>heros</span> <span class='ocrx_word' id='word_1_149' title='bbox 945 3006 1002 3066; x_wconf 88' lang='lat' dir='ltr'>aut</span> <span class='ocrx_word' id='word_1_150' title='bbox 1020 3001 1212 3086; x_wconf 80' lang='lat' dir='ltr'>&#39;Syracosius</span> <span class='ocrx_word' id='word_1_151' title='bbox 1237 3020 1337 3068; x_wconf 86' lang='lat' dir='ltr'>senex</span> 
     </span>
     <span class='ocr_line' id='line_1_24' title="bbox 355 3094 1443 3198; baseline 0 -28"><span class='ocrx_word' id='word_1_152' title='bbox 355 3107 574 3188; x_wconf 89' lang='lat' dir='ltr'>prodiderunt,</span> <span class='ocrx_word' id='word_1_153' title='bbox 598 3107 705 3174; x_wconf 90' lang='lat' dir='ltr'>habile</span> <span class='ocrx_word' id='word_1_154' title='bbox 728 3094 761 3172; x_wconf 84' lang='lat' dir='ltr'>et</span> <span class='ocrx_word' id='word_1_155' title='bbox 783 3108 877 3172; x_wconf 89' lang='lat' dir='ltr'>annis</span> <span class='ocrx_word' id='word_1_156' title='bbox 900 3113 933 3172; x_wconf 91' lang='lat' dir='ltr'>et</span> <span class='ocrx_word' id='word_1_157' title='bbox 955 3113 1010 3171; x_wconf 92' lang='lat' dir='ltr'>tuo</span> <span class='ocrx_word' id='word_1_158' title='bbox 1036 3113 1144 3188; x_wconf 88' lang='lat' dir='ltr'>aptum</span> <span class='ocrx_word' id='word_1_159' title='bbox 1169 3107 1328 3188; x_wconf 86' lang='lat' dir='ltr'>sanguini,</span> <span class='ocrx_word' id='word_1_160' title='bbox 1435 3179 1443 3198; x_wconf 43' lang='grc' dir='ltr'>Ι</span> 
     </span>
     <span class='ocr_line' id='line_1_25' title="bbox 353 3212 1233 3292; baseline 0.002 -18"><span class='ocrx_word' id='word_1_161' title='bbox 353 3212 483 3292; x_wconf 89' lang='lat' dir='ltr'>praevio</span> <span class='ocrx_word' id='word_1_162' title='bbox 505 3212 565 3278; x_wconf 91' lang='lat' dir='ltr'>hoc</span> <span class='ocrx_word' id='word_1_163' title='bbox 587 3213 720 3279; x_wconf 90' lang='lat' dir='ltr'>ductore</span> <span class='ocrx_word' id='word_1_164' title='bbox 743 3213 797 3277; x_wconf 80' lang='lat' dir='ltr'>(lia</span> <span class='ocrx_word' id='word_1_165' title='bbox 819 3214 936 3278; x_wconf 91' lang='lat' dir='ltr'>mentis</span> <span class='ocrx_word' id='word_1_166' title='bbox 959 3213 1093 3278; x_wconf 88' lang='lat' dir='ltr'>hausisti</span> <span class='ocrx_word' id='word_1_167' title='bbox 1116 3213 1233 3278; x_wconf 92' lang='lat' dir='ltr'>indole.</span> 
     </span>
     <span class='ocr_line' id='line_1_26' title="bbox 291 3317 1303 3402; baseline -0.004 -18"><span class='ocrx_word' id='word_1_168' title='bbox 291 3317 444 3384; x_wconf 79' lang='lat' dir='ltr'>126Nunc</span> <span class='ocrx_word' id='word_1_169' title='bbox 465 3319 520 3399; x_wconf 91' lang='lat' dir='ltr'>pia</span> <span class='ocrx_word' id='word_1_170' title='bbox 542 3319 737 3402; x_wconf 87' lang='lat' dir='ltr'>memorique</span> <span class='ocrx_word' id='word_1_171' title='bbox 759 3324 864 3385; x_wconf 87' lang='lat' dir='ltr'>tecum</span> <span class='ocrx_word' id='word_1_172' title='bbox 890 3323 1006 3397; x_wconf 88' lang='lat' dir='ltr'>mente,</span> <span class='ocrx_word' id='word_1_173' title='bbox 1031 3336 1095 3398; x_wconf 85' lang='lat' dir='ltr'>rex,</span> <span class='ocrx_word' id='word_1_174' title='bbox 1121 3317 1303 3398; x_wconf 83' lang='lat' dir='ltr'>expendite,</span> 
     </span>
     <span class='ocr_line' id='line_1_27' title="bbox 353 3420 1236 3505; baseline 0.003 -20"><span class='ocrx_word' id='word_1_175' title='bbox 353 3440 449 3504; x_wconf 90' lang='lat' dir='ltr'>quam</span> <span class='ocrx_word' id='word_1_176' title='bbox 473 3421 659 3505; x_wconf 78' lang='lat' dir='ltr'>frequenter</span> <span class='ocrx_word' id='word_1_177' title='bbox 683 3424 736 3488; x_wconf 92' lang='lat' dir='ltr'>ille</span> <span class='ocrx_word' id='word_1_178' title='bbox 761 3429 868 3489; x_wconf 88' lang='lat' dir='ltr'>vestro</span> <span class='ocrx_word' id='word_1_179' title='bbox 892 3429 969 3488; x_wconf 91' lang='lat' dir='ltr'>tuuc</span> <span class='ocrx_word' id='word_1_180' title='bbox 991 3420 1054 3488; x_wconf 86' lang='lat' dir='ltr'>frui</span> <span class='ocrx_word' id='word_1_181' title='bbox 1078 3423 1236 3488; x_wconf 91' lang='lat' dir='ltr'>consortio</span> 
     </span>
     <span class='ocr_line' id='line_1_28' title="bbox 354 3526 1279 3609; baseline 0 -19"><span class='ocrx_word' id='word_1_182' title='bbox 354 3545 418 3590; x_wconf 92' lang='lat' dir='ltr'>non</span> <span class='ocrx_word' id='word_1_183' title='bbox 443 3534 578 3609; x_wconf 89' lang='lat' dir='ltr'>negatus</span> <span class='ocrx_word' id='word_1_184' title='bbox 601 3534 697 3609; x_wconf 87' lang='lat' dir='ltr'>atque</span> <span class='ocrx_word' id='word_1_185' title='bbox 719 3528 829 3593; x_wconf 89' lang='lat' dir='ltr'>herilis</span> <span class='ocrx_word' id='word_1_186' title='bbox 852 3529 1015 3609; x_wconf 82' lang='lat' dir='ltr'>particeps</span> <span class='ocrx_word' id='word_1_187' title='bbox 1039 3545 1179 3606; x_wconf 90' lang='lat' dir='ltr'>mensae,</span> <span class='ocrx_word' id='word_1_188' title='bbox 1201 3526 1279 3591; x_wconf 89' lang='lat' dir='ltr'>iocis</span> 
     </span>
     <span class='ocr_line' id='line_1_29' title="bbox 354 3630 1138 3713; baseline 0.005 -21"><span class='ocrx_word' id='word_1_189' title='bbox 354 3630 437 3694; x_wconf 89' lang='lat' dir='ltr'>serio</span> <span class='ocrx_word' id='word_1_190' title='bbox 460 3649 608 3695; x_wconf 89' lang='lat' dir='ltr'>sermone</span> <span class='ocrx_word' id='word_1_191' title='bbox 630 3632 736 3696; x_wconf 85' lang='lat' dir='ltr'>mixtis</span> <span class='ocrx_word' id='word_1_192' title='bbox 757 3633 929 3713; x_wconf 90' lang='lat' dir='ltr'>prandium</span> <span class='ocrx_word' id='word_1_193' title='bbox 953 3633 1138 3697; x_wconf 89' lang='lat' dir='ltr'>condiverit.</span> 
     </span>
     <span class='ocr_line' id='line_1_30' title="bbox 354 3729 1200 3816; baseline 0.006 -23"><span class='ocrx_word' id='word_1_194' title='bbox 354 3729 498 3812; x_wconf 84' lang='lat' dir='ltr'>Cumque</span> <span class='ocrx_word' id='word_1_195' title='bbox 520 3734 583 3796; x_wconf 86' lang='lat' dir='ltr'>iam</span> <span class='ocrx_word' id='word_1_196' title='bbox 607 3735 688 3799; x_wconf 89' lang='lat' dir='ltr'>Sora</span> <span class='ocrx_word' id='word_1_197' title='bbox 709 3736 824 3800; x_wconf 89' lang='lat' dir='ltr'>relicta</span> <span class='ocrx_word' id='word_1_198' title='bbox 848 3737 919 3800; x_wconf 91' lang='lat' dir='ltr'>dius</span> <span class='ocrx_word' id='word_1_199' title='bbox 944 3737 1039 3801; x_wconf 89' lang='lat' dir='ltr'>ardor</span> <span class='ocrx_word' id='word_1_200' title='bbox 1061 3735 1200 3816; x_wconf 86' lang='lat' dir='ltr'>pectoris</span> 
     </span>
     <span class='ocr_line' id='line_1_31' title="bbox 292 3836 1130 3918; baseline -0.001 -14"><span class='ocrx_word' id='word_1_201' title='bbox 292 3836 485 3906; x_wconf 81' lang='lat' dir='ltr'>reodissitas</span> <span class='ocrx_word' id='word_1_202' title='bbox 508 3837 583 3902; x_wconf 91' lang='lat' dir='ltr'>hinc</span> <span class='ocrx_word' id='word_1_203' title='bbox 605 3839 691 3903; x_wconf 88' lang='lat' dir='ltr'>orbis</span> <span class='ocrx_word' id='word_1_204' title='bbox 714 3859 788 3904; x_wconf 88' lang='lat' dir='ltr'>oras</span> <span class='ocrx_word' id='word_1_205' title='bbox 811 3844 844 3904; x_wconf 92' lang='lat' dir='ltr'>te</span> <span class='ocrx_word' id='word_1_206' title='bbox 867 3841 992 3905; x_wconf 89' lang='lat' dir='ltr'>iuberet</span> <span class='ocrx_word' id='word_1_207' title='bbox 1017 3842 1130 3918; x_wconf 86' lang='lat' dir='ltr'>visere,</span> 
     </span>
     <span class='ocr_line' id='line_1_32' title="bbox 354 3940 1159 4027; baseline 0.006 -24"><span class='ocrx_word' id='word_1_208' title='bbox 354 3940 470 4021; x_wconf 90' lang='lat' dir='ltr'>plenus</span> <span class='ocrx_word' id='word_1_209' title='bbox 494 3940 611 4008; x_wconf 91' lang='lat' dir='ltr'>entheo</span> <span class='ocrx_word' id='word_1_210' title='bbox 634 3941 743 4009; x_wconf 90' lang='lat' dir='ltr'>furore</span> <span class='ocrx_word' id='word_1_211' title='bbox 766 3944 832 4010; x_wconf 90' lang='lat' dir='ltr'>tale</span> <span class='ocrx_word' id='word_1_212' title='bbox 854 3945 987 4010; x_wconf 89' lang='lat' dir='ltr'>verbum</span> <span class='ocrx_word' id='word_1_213' title='bbox 1010 3944 1159 4027; x_wconf 90' lang='lat' dir='ltr'>protulit:</span> 
     </span>
     <span class='ocr_line' id='line_1_33' title="bbox 354 4042 1341 4132; baseline 0.011 -23"><span class='ocrx_word' id='word_1_214' title='bbox 354 4044 402 4109; x_wconf 93' lang='lat' dir='ltr'>Ito</span> <span class='ocrx_word' id='word_1_215' title='bbox 426 4042 512 4126; x_wconf 80' lang='lat' dir='ltr'>felix,</span> <span class='ocrx_word' id='word_1_216' title='bbox 537 4046 680 4114; x_wconf 75' lang='lat' dir='ltr'>domine!</span> <span class='ocrx_word' id='word_1_217' title='bbox 724 4049 797 4114; x_wconf 88' lang='lat' dir='ltr'>Non</span> <span class='ocrx_word' id='word_1_218' title='bbox 820 4069 871 4115; x_wconf 91' lang='lat' dir='ltr'>me</span> <span class='ocrx_word' id='word_1_219' title='bbox 895 4050 978 4116; x_wconf 87' lang='lat' dir='ltr'>fallit</span> <span class='ocrx_word' id='word_1_220' title='bbox 999 4051 1059 4116; x_wconf 92' lang='lat' dir='ltr'>hoo</span> <span class='ocrx_word' id='word_1_221' title='bbox 1082 4050 1295 4132; x_wconf 89' lang='lat' dir='ltr'>praesagium,</span> <span class='ocrx_word' id='word_1_222' title='bbox 1338 4113 1341 4120; x_wconf 94' lang='grc'><em>,</em></span> 
     </span>
     <span class='ocr_line' id='line_1_34' title="bbox 354 4150 1219 4235; baseline 0.005 -21"><span class='ocrx_word' id='word_1_223' title='bbox 354 4150 454 4215; x_wconf 89' lang='lat' dir='ltr'>irritis</span> <span class='ocrx_word' id='word_1_224' title='bbox 478 4170 536 4216; x_wconf 92' lang='lat' dir='ltr'>nec</span> <span class='ocrx_word' id='word_1_225' title='bbox 558 4159 647 4218; x_wconf 85' lang='lat' dir='ltr'>certe</span> <span class='ocrx_word' id='word_1_226' title='bbox 669 4152 808 4219; x_wconf 88' lang='lat' dir='ltr'>irontem</span> <span class='ocrx_word' id='word_1_227' title='bbox 833 4155 936 4220; x_wconf 89' lang='lat' dir='ltr'>Parca</span> <span class='ocrx_word' id='word_1_228' title='bbox 951 4154 1098 4235; x_wconf 50' lang='lat' dir='ltr'>&gt;signauit</span> <span class='ocrx_word' id='word_1_229' title='bbox 1120 4155 1219 4220; x_wconf 91' lang='lat' dir='ltr'>notis:</span> 
     </span>
     <span class='ocr_line' id='line_1_35' title="bbox 353 4254 1415 4342; baseline 0.006 -24"><span class='ocrx_word' id='word_1_230' title='bbox 353 4254 413 4322; x_wconf 92' lang='lat' dir='ltr'>hoc</span> <span class='ocrx_word' id='word_1_231' title='bbox 435 4256 525 4336; x_wconf 90' lang='lat' dir='ltr'>prius</span> <span class='ocrx_word' id='word_1_232' title='bbox 546 4291 591 4304; x_wconf 85' lang='lat'>—</span> <span class='ocrx_word' id='word_1_233' title='bbox 613 4259 659 4324; x_wconf 89' lang='lat' dir='ltr'>sic</span> <span class='ocrx_word' id='word_1_234' title='bbox 681 4257 750 4324; x_wconf 88' lang='lat' dir='ltr'>fata</span> <span class='ocrx_word' id='word_1_235' title='bbox 770 4266 909 4342; x_wconf 90' lang='lat' dir='ltr'>poscunt</span> <span class='ocrx_word' id='word_1_236' title='bbox 930 4297 974 4308; x_wconf 89' lang='lat'>-</span> <span class='ocrx_word' id='word_1_237' title='bbox 997 4259 1109 4340; x_wconf 86' lang='lat' dir='ltr'>gravia</span> <span class='ocrx_word' id='word_1_238' title='bbox 1123 4277 1293 4340; x_wconf 90' lang='lat' dir='ltr'>passurum</span> <span class='ocrx_word' id='word_1_239' title='bbox 1311 4265 1415 4341; x_wconf 85' lang='lat' dir='ltr'>caput,</span> 
     </span>
     <span class='ocr_line' id='line_1_36' title="bbox 290 4360 1295 4449; baseline 0.004 -23"><span class='ocrx_word' id='word_1_240' title='bbox 290 4376 339 4429; x_wconf 81' lang='lat'>135</span> <span class='ocrx_word' id='word_1_241' title='bbox 351 4360 461 4424; x_wconf 85' lang='lat' dir='ltr'>arduis</span> <span class='ocrx_word' id='word_1_242' title='bbox 484 4362 543 4427; x_wconf 91' lang='lat' dir='ltr'>tibi</span> <span class='ocrx_word' id='word_1_243' title='bbox 565 4363 607 4426; x_wconf 88' lang='lat' dir='ltr'>ad</span> <span class='ocrx_word' id='word_1_244' title='bbox 629 4382 778 4428; x_wconf 88' lang='lat' dir='ltr'>coronam</span> <span class='ocrx_word' id='word_1_245' title='bbox 802 4364 1062 4446; x_wconf 87' lang='lat' dir='ltr'>praeparandum</span> <span class='ocrx_word' id='word_1_246' title='bbox 1085 4368 1135 4449; x_wconf 86' lang='lat' dir='ltr'>est</span> <span class='ocrx_word' id='word_1_247' title='bbox 1158 4365 1295 4445; x_wconf 90' lang='lat' dir='ltr'>casibus,</span> 
     </span>
     <span class='ocr_line' id='line_1_37' title="bbox 346 4464 1255 4550; baseline 0.004 -22"><span class='ocrx_word' id='word_1_248' title='bbox 346 4464 439 4544; x_wconf 89' lang='lat' dir='ltr'>quod</span> <span class='ocrx_word' id='word_1_249' title='bbox 463 4465 536 4531; x_wconf 94' lang='lat' dir='ltr'>dein</span> <span class='ocrx_word' id='word_1_250' title='bbox 560 4468 681 4534; x_wconf 90' lang='lat' dir='ltr'>maiore</span> <span class='ocrx_word' id='word_1_251' title='bbox 702 4467 878 4550; x_wconf 89' lang='lat' dir='ltr'>splendens</span> <span class='ocrx_word' id='word_1_252' title='bbox 902 4475 1014 4550; x_wconf 85' lang='lat' dir='ltr'>tanget</span> <span class='ocrx_word' id='word_1_253' title='bbox 1037 4474 1124 4534; x_wconf 89' lang='lat' dir='ltr'>astra</span> <span class='ocrx_word' id='word_1_254' title='bbox 1144 4470 1255 4549; x_wconf 89' lang='lat' dir='ltr'>glorie.</span> 
     </span>
     <span class='ocr_line' id='line_1_38' title="bbox 353 4568 1380 4656; baseline 0.004 -22"><span class='ocrx_word' id='word_1_255' title='bbox 353 4568 520 4653; x_wconf 83' lang='lat' dir='ltr'>Quamque</span> <span class='ocrx_word' id='word_1_256' title='bbox 543 4591 629 4637; x_wconf 93' lang='lat' dir='ltr'>nunc</span> <span class='ocrx_word' id='word_1_257' title='bbox 650 4574 763 4640; x_wconf 88' lang='lat' dir='ltr'>abiens</span> <span class='ocrx_word' id='word_1_258' title='bbox 786 4574 926 4656; x_wconf 91' lang='lat' dir='ltr'>benigne</span> <span class='ocrx_word' id='word_1_259' title='bbox 947 4575 1085 4655; x_wconf 87' lang='lat' dir='ltr'>porrigis</span> <span class='ocrx_word' id='word_1_260' title='bbox 1108 4574 1183 4638; x_wconf 92' lang='lat' dir='ltr'>mihi</span> <span class='ocrx_word' id='word_1_261' title='bbox 1206 4574 1380 4655; x_wconf 85' lang='lat' dir='ltr'>dexteram,</span> 
     </span>
     <span class='ocr_line' id='line_1_39' title="bbox 353 4673 1184 4762; baseline 0.01 -26"><span class='ocrx_word' id='word_1_262' title='bbox 353 4673 493 4740; x_wconf 87' lang='lat' dir='ltr'>indicem</span> <span class='ocrx_word' id='word_1_263' title='bbox 516 4683 703 4760; x_wconf 89' lang='lat' dir='ltr'>certumque</span> <span class='ocrx_word' id='word_1_264' title='bbox 726 4679 844 4761; x_wconf 86' lang='lat' dir='ltr'>pignus</span> <span class='ocrx_word' id='word_1_265' title='bbox 865 4680 1041 4762; x_wconf 87' lang='lat' dir='ltr'>pertinacis</span> <span class='ocrx_word' id='word_1_266' title='bbox 1063 4679 1184 4761; x_wconf 75' lang='lat' dir='ltr'>cranao</span> 
     </span>
    </p>
   </div>
   <div class='ocr_carea' id='block_1_3' title="bbox 0 0 1776 5709">
    <p class='ocr_par' dir='ltr' id='par_1_3' title="bbox 0 0 1776 5709">
     <span class='ocr_line' id='line_1_40' title="bbox 0 0 1776 5709; baseline 0 0"><span class='ocrx_word' id='word_1_267' title='bbox 0 0 1776 5709; x_wconf 95' lang='lat' dir='ltr'> </span> 
     </span>
    </p>
   </div>
  </div>
 </body>
</html>
