3517 5709
758 659 908 714 anavah.
1367 667 1408 730 gy

347 823 440 871 sacra
460 810 539 883 toga
561 807 595 866 et
618 799 752 882 duplicis
776 815 958 879 consponsa
980 797 1145 880 opulentia
1166 802 1285 883 templi,
1359 875 1366 885 ι

347 918 405 975 aut
428 909 526 974 vidua
547 906 675 971 iaceant
696 903 821 984 sponda
843 901 1031 986 nubantque
1056 903 1203 987 Sibyllae,

349 1016 399 1081 cui
422 1030 548 1093 semper
568 1010 697 1076 madido
721 1007 883 1089 dependet
905 1007 998 1072 stiria
1021 1025 1109 1088 nasu,

349 1120 400 1185 cui
422 1124 548 1184 secreta
570 1121 685 1195 tegunt
707 1111 860 1194 fugitivos
884 1112 1001 1177 scrinia
1024 1111 1148 1193 dentes,

287 1242 336 1293 145
347 1232 506 1305 perpetua
528 1228 561 1287 et
583 1221 682 1286 tussis
704 1219 866 1300 gingivam
889 1218 991 1282 nudat
1013 1218 1174 1282 inermem.

349 1328 431 1393 Tum
453 1327 541 1392 rixae
564 1333 596 1391 et
620 1325 705 1390 tristi
728 1329 867 1403 surgunt
889 1321 939 1386 his
961 1322 1068 1402 iurgia
1089 1324 1181 1402 lecte,

349 1433 376 1496 si
399 1431 494 1496 lateri
516 1435 663 1511 parcant,
687 1447 747 1492 nec
769 1432 926 1510 quantum
947 1425 1053 1506 prurit
1075 1426 1229 1492 anhelent

349 1536 383 1600 in
406 1542 479 1602 cute
501 1553 620 1615 rugosa
644 1540 677 1599 et
700 1534 840 1598 lascivae
861 1531 955 1612 pellis
978 1531 1077 1596 hiatu.

394 1640 484 1705 Haec
507 1638 640 1706 fortuna
661 1644 771 1704 manet
794 1637 872 1702 viles
895 1636 965 1700 sine
988 1643 1156 1702 stemmate
1179 1638 1313 1717 lumbes,

287 1764 338 1814 150
350 1763 430 1828 quos
453 1743 558 1827 operit
581 1750 674 1809 cento
698 1749 731 1808 et
753 1743 882 1808 tunicae
905 1741 1065 1808 velamina
1087 1741 1208 1822 nigrae,

352 1867 431 1932 quos
453 1849 505 1914 lac
525 1856 706 1914 maternum
728 1848 853 1912 suxisse
875 1847 1012 1928 penuria
1035 1846 1153 1926 adegit.

352 1954 396 2019 ht
421 1973 501 2037 quos
524 1961 695 2020 nascentes
719 1953 861 2018 contenit
883 1970 1038 2034 purpura,
1061 1970 1204 2036 quosque

352 2058 476 2123 Thaide
499 2060 639 2124 nutritos
662 2058 791 2125 adnatis
812 2058 900 2124 mille
924 2057 1044 2123 colonis
1296 2045 1298 2051 ⁴

354 2170 388 2228 et
409 2164 544 2229 totidem
565 2166 673 2230 vernis
696 2165 785 2230 dives
806 2164 931 2230 Lucina
953 2163 1071 2244 beavit,

290 2267 385 2338 155hi
407 2269 517 2347 primis
541 2271 686 2349 Eponam
709 2267 837 2334 discunt
857 2269 966 2334 iurare
989 2269 1048 2334 sub
1072 2269 1175 2347 annis,

355 2389 592 2454 praesepesque
616 2375 720 2438 animo
743 2393 781 2439 ac
801 2375 952 2455 pinguem
975 2374 1172 2439 meditantur
1196 2391 1330 2438 avenam

356 2473 616 2558 fulmineumque,
641 2476 737 2542 decus
761 2474 855 2540 lateri
877 2476 932 2558 qui
955 2477 1108 2556 pendeat,
1133 2494 1242 2540 ensem

357 2587 389 2645 et
412 2578 511 2646 telum
535 2586 661 2645 assatos
683 2581 856 2644 missurum
880 2581 921 2644 ad
943 2580 1081 2662 prandia
1103 2580 1224 2644 turdos.

357 2685 446 2765 Inde,
469 2685 645 2752 iuventutis
668 2684 791 2766 primae
815 2704 886 2750 cum
910 2685 1035 2750 venerit
1057 2692 1157 2763 aetas,

294 2806 345 2859 160
356 2807 394 2855 ac
416 2796 546 2871 praeter
568 2789 667 2854 libros
691 2789 831 2854 validum
852 2787 939 2854 ferre
961 2790 1067 2854 omnia
1090 2789 1197 2868 robur,

357 2900 509 2974 exoptata
531 2894 586 2959 diu
609 2895 755 2978 votisque
777 2895 882 2976 petita
906 2895 1066 2973 secundis,

358 3000 627 3082 quadrupedante
648 3007 749 3065 ruunt
772 3000 895 3066 alacres
919 3001 960 3066 ad
983 2999 1100 3083 equitia
1123 3017 1234 3066 cursu:

359 3108 427 3168 tum
450 3099 577 3169 demum
599 3121 719 3184 genere
741 3104 801 3170 hoc
823 3112 856 3170 et
879 3111 971 3170 tanto
994 3105 1152 3184 sanguine
1176 3102 1275 3184 digni,

321 3277 326 3285 ,
359 3209 443 3290 quod
467 3209 552 3276 cives
575 3215 729 3275 metuant
777 3210 849 3276 Stat
872 3209 972 3294 flagro
997 3211 1133 3290 insignis
1157 3216 1190 3274 et
1212 3226 1294 3274 unco

296 3329 346 3382 roa
358 3313 610 3398 cornipedesque
633 3333 709 3380 suos
733 3315 898 3382 Musarum
919 3317 1052 3402 ignarus
1076 3314 1184 3398 equiso

358 3418 516 3484 insultare
538 3420 606 3484 solo
631 3426 664 3484 et
687 3438 816 3500 gressus
840 3421 1019 3502 glomerare
1042 3421 1201 3501 superbus
1330 3427 1334 3435 “

361 3523 483 3601 edocet,
507 3531 621 3603 arguto
645 3526 798 3605 praeiens
820 3531 1032 3609 poppysmata
1055 3523 1165 3589 saltus.

359 3627 495 3706 Pegasei
518 3627 626 3695 tontes
649 3629 820 3712 Glariaque
844 3649 862 3694 e
885 3628 970 3694 valle
994 3627 1131 3710 corymbi

361 3734 394 3794 et
416 3730 509 3794 Pindi
532 3729 627 3797 flores
651 3740 684 3798 et
706 3741 815 3800 vatum
836 3733 977 3812 insignia
999 3733 1110 3796 laurus

296 3832 431 3901 170huic
453 3832 570 3899 loricas
592 3837 750 3916 redolent,
774 3837 824 3901 vel
847 3841 926 3918 quot
947 3836 1106 3902 Marenna
1129 3833 1270 3916 pepedit.

362 3937 425 4004 Sed
449 3938 517 4005 lotii
540 3946 668 4006 torrens
693 3948 886 4024 excretaque
909 3941 1049 4022 prandia
1071 3939 1196 4021 pulchri

361 4035 536 4124 Bucephali
559 4045 720 4127 myrrham
743 4051 934 4128 stactenque
959 4052 991 4110 et
1016 4045 1163 4110 cinnama
1186 4040 1342 4122 fragrant,

362 4146 467 4212 dulcia
489 4147 595 4213 ieiuno
620 4147 836 4215 confortativa
858 4150 1000 4227 cerebro,

364 4239 438 4316 dum
461 4253 611 4334 strigilim
635 4261 759 4320 versat:
783 4253 859 4318 dum
883 4253 1033 4344 titillatus
1057 4251 1205 4318 adhinnit

300 4353 544 4436 175discipuluS‚
569 4356 710 4424 lundens
733 4360 858 4439 postica
881 4358 1029 4424 didactra
1050 4357 1215 4438 magistro,

407 4461 539 4526 Artibus
563 4462 612 4526 his
636 4465 760 4545 Aurora
783 4461 872 4528 favet
895 4469 1052 4545 gratoque
1074 4468 1219 4527 moratur

363 4562 493 4646 intuitu,
517 4565 619 4633 donec
642 4569 762 4634 decimo
787 4567 980 4650 campanula
1001 4567 1097 4649 pulsu

364 4676 519 4750 quassata
542 4672 582 4735 ad
604 4672 724 4754 piscem
747 4680 839 4740 vocet
853 4672 1017 4739 'intestina
1039 4678 1210 4752 recentem,

1167 4775 1218 4839 6*
