3517 5709
353 656 396 718 90

439 812 467 878 si
489 809 603 877 faciem
626 813 659 874 et
681 812 770 873 certa
791 808 953 890 dispostas
975 809 1048 890 lege
1072 828 1229 892 capronas

440 917 583 999 aspiciat,
604 913 720 987 ,merito
742 914 858 979 clamet
880 915 1048 981 Melicerta
1069 915 1193 998 perisse

439 1020 578 1087 frontem
601 1017 778 1084 derebus:
802 1019 952 1100 quoniam
976 1018 1066 1086 frons
1090 1019 1180 1085 nulla
1201 1021 1313 1088 relicta
1334 1027 1384 1089 est

373 1133 495 1198 41oaut
517 1125 604 1192 cerni
627 1123 750 1202 metuit,
772 1123 860 1189 laeso
884 1122 1037 1206 perfricta
1058 1126 1191 1207 pudore.

440 1231 533 1312 Quid,
557 1230 643 1295 dicat
664 1227 827 1308 Proculus,
850 1229 941 1295 side
964 1229 1111 1297 ciniflone
1128 1249 1292 1298 reversum

440 1357 460 1402 a
482 1342 571 1418 tergo
592 1334 700 1400 uideat
722 1332 839 1399 Rufum
863 1335 914 1400 vel
935 1353 1020 1416 pone
1043 1337 1221 1419 sequatur?

441 1442 598 1508 Ornatam
620 1439 707 1504 iuret
728 1456 788 1519 per
810 1438 934 1506 Graeca
955 1441 1078 1522 palatia
1100 1442 1250 1525 Phrynen

440 1545 592 1610 allectare
615 1544 699 1609 viros
723 1548 781 1608 ant
802 1544 927 1625 priscae
950 1544 992 1610 ad
1014 1547 1142 1612 moenia
1165 1546 1279 1613 Troiae

375 1669 426 1721 llo
439 1650 561 1734 peltato
584 1649 714 1731 prodire
737 1667 776 1713 ex
799 1649 928 1728 agmine
950 1649 1205 1716 Penthesileam:

441 1757 487 1820 sic
509 1753 580 1818 duit
602 1754 644 1818 ad
667 1753 815 1835 scapulas
837 1752 924 1819 ferro
948 1755 1089 1837 crispata
1112 1755 1238 1821 calente

439 1860 588 1926 mollities
609 1859 693 1939 cird,
717 1864 780 1924 tam
804 1860 897 1926 docto
919 1860 1047 1940 pectine
1070 1859 1175 1940 fulget

376 2010 379 2016 -
440 1966 474 2030 in
498 1970 625 2030 centurn
649 1982 740 2029 coma
760 1962 864 2030 fracta
887 1963 1007 2043 gradus
1030 1964 1217 2048 intentaque
1239 1970 1348 2048 portat

441 2069 585 2154 symbola
608 2070 724 2134 secreti
748 2069 880 2134 nimium
901 2069 1044 2150 pretiosa
1066 2068 1195 2136 favoris.

377 2194 430 2246 ano
441 2176 483 2240 At
506 2193 547 2240 ne
568 2173 635 2239 fors
659 2191 772 2239 errans
794 2175 963 2257 quisquam
987 2175 1087 2256 plana
1110 2176 1216 2241 omnia
1238 2175 1348 2240 credat

440 2278 527 2344 infra
549 2280 761 2346 ventriculum
784 2286 979 2364 tenuemque
1001 2282 1200 2349 abscondere
1222 2281 1346 2359 rimam,
1403 2281 1405 2290 '

442 2383 612 2449 discrimen
635 2401 731 2449 sexus
755 2384 795 2449 de
818 2385 932 2466 podice
953 2384 1090 2452 fluctuat
1111 2386 1198 2452 ensis

442 2488 631 2572 coccinaque
653 2489 791 2571 impellit
813 2491 980 2556 scabiosee
1003 2492 1145 2573 tegmine
1168 2492 1278 2571 clunis,

442 2598 475 2660 et
496 2593 590 2660 lateri
613 2596 774 2677 quondam
798 2599 910 2661 suetus
933 2596 1075 2676 pendere
1098 2596 1238 2675 sinistro,

375 2718 428 2769 aas
443 2717 503 2764 nec
523 2699 659 2780 pavidus
682 2698 790 2765 fusum
812 2701 872 2766 sub
896 2701 1003 2766 Marte
1024 2700 1154 2765 haurire
1180 2719 1334 2778 cruorem,

440 2805 525 2870 idem
547 2823 634 2871 nunc
656 2805 733 2872 olidi
755 2806 891 2887 pulsans
915 2805 1073 2886 spiracula
1096 2804 1191 2884 follis,

441 2907 550 2973 haurit
571 2911 694 2990 postico
717 2909 894 2994 fugientem
918 2928 935 2976 e
959 2929 1087 2977 carcere
1109 2909 1260 2976 Caurum.

442 3013 595 3079 Ambulat
616 3022 752 3081 ansatus
773 3035 832 3097 per
855 3016 993 3097 compito
1015 3034 1137 3098 perque
1158 3015 1284 3097 plateas

441 3117 619 3201 Penelopes
641 3138 796 3200 sponsus:
820 3120 958 3186 uolucris
982 3121 1156 3185 consistere
1180 3119 1283 3185 nescit

377 3223 550 3305 aaopluma
572 3223 641 3290 loco
664 3231 698 3289 et
718 3224 828 3306 pluma
850 3225 951 3289 levius
975 3229 1080 3305 caput.
1127 3225 1208 3290 Ecce
1231 3241 1372 3289 sororem

444 3328 542 3394 mittit
563 3329 597 3394 in
619 3347 785 3396 occursum
809 3329 863 3394 lux
886 3347 1051 3412 prospera,
1076 3329 1161 3394 mille
1185 3327 1325 3394 salutum

443 3434 557 3498 nuntia
578 3435 725 3502 sublatus
749 3435 852 3501 nudat
873 3434 1058 3511 calamistro
1081 3434 1210 3514 galerus

442 3539 575 3618 eminus,
599 3540 716 3607 inflexo
740 3542 913 3607 sinuantur
936 3540 1067 3606 brachia
1089 3539 1194 3620 gibbo,

442 3644 546 3710 indice
568 3643 744 3726 fulgentem
768 3646 868 3712 labris
892 3645 1040 3712 sistentia
1062 3662 1228 3725 gemmam.
1304 3667 1305 3676 ¹

377 3750 553 3830 esnonga
575 3753 794 3833 pavimentum
817 3758 894 3818 tunc
917 3751 1003 3818 radit
1022 3751 1116 3826 linea,
1146 3748 1257 3814 crebro

441 3854 581 3935 prolixos
604 3853 726 3922 faciens
748 3856 861 3936 planta
885 3856 1078 3937 strepitante
1101 3854 1261 3922 decussas.

442 3957 526 4035 Quot
548 3959 642 4024 melle
669 3979 707 4026 ac
729 3961 813 4028 dulci
838 3961 966 4026 condita
988 3977 1151 4040 papavere
1174 3959 1273 4024 verba

441 4079 497 4125 ore
518 4060 638 4128 fluunt:
662 4067 767 4143 toties,
791 4071 865 4131 tuus
889 4086 907 4130 o
932 4063 1068 4130 Galatea
1090 4063 1246 4140 minister,

444 4166 564 4231 servitii
587 4176 764 4250 promptus,
788 4189 845 4234 seu
868 4169 923 4234 Sol
946 4186 1004 4234 seu
1028 4167 1142 4234 Sidera
1164 4169 1308 4248 poscant,
1363 4210 1366 4214 -

378 4271 474 4339 aloin
498 4272 581 4338 mala
604 4281 661 4339 aut
681 4275 821 4356 scapulis
844 4273 1015 4338 tremulum
1040 4273 1144 4350 micat,
1169 4270 1245 4338 alite
1267 4267 1384 4349 palma,

442 4375 662 4462 inquepicem
685 4379 815 4460 palpat3
838 4379 933 4443 toties
958 4383 1110 4444 curvatur
1132 4377 1165 4441 in
1189 4393 1308 4452 arcum,

441 4480 545 4563 qualis
570 4482 660 4548 Atlas
684 4489 779 4548 nutat
801 4502 936 4564 magnae
959 4484 1018 4548 sub
1042 4482 1186 4563 pondere
1210 4480 1303 4546 molis

442 4591 498 4650 ant
521 4587 614 4651 Luna
636 4587 776 4652 ostendit
798 4586 932 4652 redivivi
957 4603 1079 4652 cornua
1101 4585 1220 4652 vultus.

487 4690 514 4756 0
538 4708 640 4756 vanas
662 4690 826 4756 hominum
850 4689 960 4757 cureat
1006 4691 1032 4758 Ο
1057 4690 1164 4760 tristia
1187 4688 1289 4758 eeclal
