3517 5709
343 609 389 672 gg
842 599 994 657 sarran.

428 759 574 840 uulnera,
596 775 679 841 quae
701 758 831 824 valeant
854 758 948 842 nugis
972 757 1099 825 adferre
1121 761 1272 842 leporem.
1332 807 1335 812 ‚

473 864 538 931 Sed
559 863 632 929 lave
652 862 685 928 id
708 867 758 927 est
780 863 971 946 veniamque
995 869 1107 945 meret,
1135 885 1208 932 nam
1231 885 1320 934 more
1341 877 1472 955 recepto

429 988 610 1036 sermonum
634 967 796 1049 appendix
818 973 868 1034 cst
890 974 922 1034 et
944 970 1101 1036 mantissa
1124 971 1292 1054 loquendi3

430 1075 556 1140 eiurare
580 1073 672 1138 deos:
696 1073 867 1138 verborum
891 1073 943 1140 hic
965 1073 1126 1155 flosculus,
1150 1076 1230 1142 haec
1254 1082 1303 1143 est

364 1196 588 1262 asanusquam
609 1179 641 1243 in
663 1177 830 1244 rhetoricis
853 1179 1016 1261 descripta
1038 1179 1141 1263 figura
1166 1180 1293 1247 libellis.

427 1283 525 1350 Nulla
547 1282 628 1348 fides
651 1283 774 1349 modice
796 1283 927 1349 iuranti.
974 1284 1007 1351 Si
1030 1285 1100 1368 quis
1124 1287 1259 1352 amicum

429 1408 486 1456 ore
507 1390 561 1471 pio
585 1387 678 1454 affari
700 1393 823 1455 tentet:
848 1390 909 1454 nisi
933 1391 1065 1456 numina
1088 1398 1226 1458 cuncta'

429 1501 462 1560 et
485 1493 606 1561 coelum
629 1498 731 1559 testes
754 1500 846 1559 vocet
870 1501 903 1560 ct
925 1495 1107 1576 penetralia
1129 1495 1223 1576 Ditis,

428 1599 462 1665 ni
484 1597 720 1679 Phlegethonta
741 1597 839 1662 imum
864 1599 1022 1680 supremis
1046 1604 1204 1682 temperet
1228 1601 1333 1682 astris,

363 1721 416 1775 340
427 1704 645 1786 Harpocrates
668 1703 805 1785 elinguis
829 1703 900 1784 erit,
924 1722 983 1769 nec
1005 1705 1152 1786 pluribus
1176 1706 1279 1772 hiscat

429 1827 524 1892 quam
547 1826 663 1874 maena
686 1813 717 1872 et
740 1813 854 1889 captae
877 1807 1080 1896 Cimbrorum
1102 1811 1135 1874 in
1158 1812 1267 1877 littore
1291 1811 1437 1878 conchae.

429 1913 559 1995 Septem
584 1913 777 1995 Tisiphones
800 1918 833 1978 et
855 1913 905 1978 bis
929 1929 984 1978 sex
1008 1933 1064 1980 ora
1086 1915 1256 1997 Megaerao

429 2017 581 2101 milleque
603 2017 756 2084 Cerberei
778 2016 888 2084 fauces
902 2024 945 2084 'at
968 2018 1051 2086 colla
1073 2020 1212 2101 molossi,
1274 2064 1277 2072 ·

429 2128 462 2190 et
484 2124 635 2207 quicquid
657 2122 784 2204 pallens
807 2133 974 2206 nunquam
997 2125 1164 2207 conspexit
1187 2127 1351 2192 Avernus:

363 2230 506 2301 srshaec
528 2229 615 2294 iurat
637 2227 757 2309 caligas
779 2229 834 2311 qui
858 2228 1000 2293 noudum
1025 2229 1117 2311 pusio
1141 2232 1285 2312 sumpsit,

429 2340 462 2400 et
485 2333 660 2400 cuimolhs
683 2332 788 2399 adhuc
811 2333 937 2400 animus
961 2334 1112 2414 dignosse
1136 2337 1268 2416 negavit

430 2423 553 2522 angues
576 2437 790 2519 Eumenidum
814 2443 871 2504 aut
892 2439 1024 2505 recidivi
1047 2440 1194 2522 pondera
1216 2441 1315 2506 saxi.'

430 2548 473 2610 ht
491 2528 575 2626 ‘quos
597 2541 706 2608 indicii
729 2543 889 2622 gravitate
913 2543 1045 2625 peritior
1069 2549 1159 2610 aetas

430 2649 555 2728 imbuit,
577 2647 609 2712 bi
634 2665 801 2713 numerum
826 2647 867 2711 ud
891 2647 1007 2730 digitos
1031 2648 1210 2715 subducere
1233 2653 1361 2728 norunt,

364 2774 417 2827 aso
427 2760 505 2837 quot
527 2755 634 2836 piceas
657 2752 799 2819 habeant
820 2752 1012 2818 Acherontis
1035 2753 1168 2818 flumina
1190 2757 1306 2836 guttas,

430 2864 507 2943 quot
529 2859 628 2925 crudo
650 2858 776 2940 possint
798 2857 956 2924 stabulari
977 2859 1011 2923 iu
1035 2859 1157 2924 viscere
1179 2863 1298 2940 pestes,

429 2969 509 3047 quot
530 2969 642 3030 teneat
664 2963 791 3048 Stygias
813 2964 980 3031 Hnlsatica
1001 2967 1103 3030 tonna
1129 2963 1284 3044 cobortes,

363 3104 365 3108 v
430 3075 586 3135 venturas
608 3074 727 3148 votum,
752 3087 822 3134 cum
846 3087 921 3134 cara
944 3069 1107 3136 sororcula
1130 3067 1223 3134 fratri

429 3165 529 3261 Χαῖρ’
551 3174 598 3238 ait
618 3178 675 3238 aut
698 3177 827 3254 neptem
851 3174 976 3240 solatur
998 3175 1177 3241 avunculus
1201 3191 1339 3254 aegram.

365 3299 416 3355 aas
473 3280 525 3346 Sic
546 3278 637 3343 iurat
660 3279 701 3344 ad
725 3297 865 3344 canonas
890 3278 1037 3345 devotam
1062 3280 1178 3346 ducere
1202 3279 1298 3345 vitam
1393 3305 1396 3314 ·

429 3389 637 3467 sacratosque
658 3384 726 3448 Deo
750 3402 846 3449 curae
868 3384 943 3449 huic
963 3383 1328 3466 impendereuummos,

429 3496 466 3557 ut
488 3495 605 3555 tremat
627 3494 754 3555 omento
777 3488 953 3572 pinguique
977 3489 1147 3555 abdomine
1169 3495 1292 3570 venter,

429 3595 543 3680 viginti
566 3595 723 3675 agricolas
747 3595 875 3676 capiens
900 3600 933 3660 et
956 3596 1068 3678 iugera
1091 3599 1229 3674 centum,

428 3700 608 3783 hortosque·
625 3705 659 3765 et
679 3700 803 3782 patrios
825 3707 994 3783 promptus
1018 3701 1148 3767 sorbers
1170 3704 1314 3782 penates.

363 3824 415 3876 eoo
426 3806 470 3870 At
491 3806 583 3872 uobis
607 3824 700 3871 nemo
722 3812 847 3872 tantum
871 3807 1016 3872 concedit
1039 3805 1144 3886 agelli,

430 3915 584 3992 quantum
609 3911 696 3992 talpa
718 3909 808 3992 indit,
832 3911 919 3994 quod
942 3929 1012 3978 mus
1037 3916 1117 3990 aret
1142 3910 1237 3978 unica
1259 3909 1415 3991 quantum

428 4014 566 4082 brumali
589 4013 722 4082 formica
744 4015 796 4080 die
820 4033 1009 4082 consumere
1031 4020 1150 4096 posset.

472 4120 543 4185 Non
567 4126 637 4185 erat
660 4120 739 4186 haec
756 4116 881 4187 'mundo
906 4121 1015 4200 iacies,
1039 4138 1109 4187 cum
1132 4120 1234 4186 Roma
1257 4117 1382 4184 videret

429 4227 618 4306 Augustum,
642 4226 773 4308 dignum
798 4227 926 4292 sublimi
950 4225 1090 4292 Caesare
1114 4245 1240 4304 nomen,
1325 4265 1328 4274 ·

363 4348 500 4403 sescum
522 4331 741 4407 Maecenatem
766 4330 870 4397 felicia
894 4332 1003 4397 secula
1026 4330 1158 4397 ferrent.

426 4434 518 4500 Tunc
539 4454 644 4502 comes
665 4437 734 4502 ibat
756 4435 858 4502 honos
880 4437 1039 4519 parilique
1062 4436 1255 4517 pedissequa
1278 4451 1376 4515 passu

428 4538 529 4619 gloria
551 4541 706 4606 tendebat
730 4539 840 4606 doctas
863 4539 1089 4622 profitentibus
1113 4544 1209 4619 artes,

430 4662 488 4710 uec
510 4646 598 4712 solae
622 4644 826 4711 endromides
848 4647 1029 4730 adsutaque
1054 4647 1149 4712 laeua
1171 4645 1332 4724 lacernae,
