3517 5709
710 623 950 694 oenanroms.

348 793 406 859 red
427 790 532 858 solum
553 787 659 853 natale
681 784 808 852 sibimet
829 799 902 848 esse
924 781 1043 862 gaudet
1065 781 1215 848 Daniam:
1252 861 1255 870 Δ

345 901 459 979 estque
481 890 596 960 Soram
617 889 699 974 lycei
720 887 824 970 prima
843 885 952 969 proles
974 886 1124 966 omnium,

346 1017 427 1084 quos
449 1003 522 1065 satu
544 994 702 1061 foecunda
722 994 811 1072 largo
834 991 968 1074 protulit
990 989 1162 1057 academia.

282 1124 334 1176 roo
344 1106 423 1171 Eius
447 1119 522 1183 ergo
544 1116 707 1182 aequaeva
729 1101 860 1177 gestans
884 1095 1013 1160 nomina
1035 1094 1245 1174 incunabulis,
1336 1132 1339 1138 -

345 1209 470 1290 patriae
491 1208 541 1275 ius
563 1203 726 1284 singulare
748 1198 887 1268 mutatis
910 1199 1041 1280 expetit.

346 1312 400 1379 Sic
421 1328 523 1377 novus
545 1307 718 1374 succrescit
739 1307 805 1372 alta
827 1305 975 1372 surculus
998 1305 1056 1370 sub
1080 1305 1205 1384 arbore,

345 1414 509 1498 pullulans
531 1411 641 1479 radice
662 1410 762 1490 firma,
785 1427 883 1492 seque
906 1410 1056 1475 inauras
1081 1409 1215 1474 exserit:

212 1598 220 1605 g
348 1537 431 1602 qnae
452 1516 602 1601 bipennis
625 1533 696 1582 cum
718 1519 880 1580 vetustum
904 1513 1066 1580 caudicem
1089 1513 1248 1595 ceciderit,

283 1621 433 1694 retracta
455 1627 534 1689 tnnc
557 1621 663 1700 arbos,
686 1624 823 1701 paterno
846 1624 912 1684 stat
935 1619 1011 1699 solo,
1035 1624 1068 1685 et
1088 1620 1190 1700 magis
1212 1621 1312 1687 ubere

347 1725 436 1794 loeta
457 1744 557 1806 ramo,
581 1723 741 1790 dulciores
764 1722 879 1788 fronde
902 1721 1025 1789 fructus
1047 1725 1195 1804 parturit.

240 1815 244 1820 ’
391 1830 462 1897 Hoc
483 1829 613 1897 tabellis
635 1847 693 1894 rex
715 1828 884 1911 benignus,
907 1827 966 1894 hoc
988 1833 1096 1894 ratum
1118 1826 1214 1895 faciet
1237 1848 1343 1895 manu.

348 1935 451 2018 Surge
473 1932 593 2001 laetusl
637 1933 698 1999 Illa
721 1933 830 2014 magni
851 1931 915 1998 fida
937 1933 1022 2012 regis
1046 1933 1182 2013 corcula,

346 2038 448 2107 incliti
471 2038 596 2118 heroes,
620 2042 774 2118 patronos
797 2037 867 2102 iure
891 2055 971 2119 qnos
992 2039 1106 2103 merito
1131 2038 1217 2120 colis,

286 2143 379 2214 rachi
400 2143 460 2210 tibi
482 2147 630 2210 sternent
651 2140 798 2208 faventes
821 2141 967 2208 semitam
991 2141 1192 2223 internuntii,

351 2264 417 2330 qua
438 2252 495 2311 tua
516 2247 596 2315 haec
619 2247 763 2313 notanda
785 2246 904 2313 chartis
928 2252 1082 2312 commeet
1104 2247 1320 2328 Querimonia,

351 2348 458 2428 regios
480 2349 590 2414 visura
611 2349 719 2414 vultus
743 2355 776 2414 et
797 2349 959 2431 repulsam
983 2351 1138 2416 nesciens,

393 2453 494 2519 Fatus
517 2451 597 2518 haec
619 2452 732 2533 Apollo
755 2453 841 2518 nocti
864 2472 901 2518 se
923 2452 1103 2534 profundae
1125 2454 1260 2520 miscuit.

350 2556 581 2640 Daphnorinus
604 2574 662 2639 spe
685 2554 804 2622 referto
827 2557 970 2639 gestiens
993 2557 1107 2623 solatio

287 2666 381 2735 rotet
402 2680 494 2730 sacro
517 2667 622 2728 motus
645 2659 765 2742 furore,
789 2680 853 2728 non
876 2661 951 2726 tulit
973 2662 1146 2741 silentium,

349 2768 408 2834 sed
429 2773 535 2834 torum
558 2767 751 2848 domumque
774 2765 832 2831 toli
855 2765 1027 2832 concitavit
1049 2765 1162 2832 iubilo:

392 2871 554 2938 Friderice
576 2890 643 2951 rex,
666 2871 773 2938 avitae
795 2870 948 2952 splendor
971 2875 1004 2936 et
1025 2868 1080 2936 fax
1101 2869 1234 2952 gloriae,

351 2974 460 3052 regiae
482 2975 610 3042 virtutis
632 2975 757 3056 haeres,
781 2980 894 3041 sancta
916 2975 1007 3041 cuius
1031 2975 1171 3056 comitas,

355 3077 442 3144 socia
461 3079 649 3161 maiestatis,
673 3097 784 3146 omnes
807 3079 894 3146 orbis
916 3079 1057 3145 illustrat
1078 3081 1207 3161 plagas:

286 3179 450 3264 ameffiea
472 3187 510 3250 ut
531 3185 742 3266 benignitatis
764 3203 897 3251 aureum
921 3184 1035 3250 solitae
1058 3185 1151 3250 iubar

350 3287 384 3352 in
407 3291 498 3354 tuum
520 3287 626 3355 radiat
650 3289 809 3370 clientem,
832 3290 895 3356 iam
918 3288 1061 3355 tenebris
1084 3289 1232 3369 obsitum,

352 3395 389 3458 ut
410 3410 509 3460 senex
532 3412 693 3477 aegerque
716 3393 797 3460 dura
821 3400 908 3460 sorte
930 3411 1071 3475 pressus,
1096 3413 1182 3459 nnnc
1204 3392 1293 3460 velut

351 3495 472 3577 pallido
499 3503 669 3565 revocatus
692 3501 786 3580 Orco,
811 3499 1021 3566 dormientem
1044 3499 1178 3565 suscitet

352 3599 386 3667 in
408 3604 482 3666 tuas
503 3601 617 3668 laudes
641 3601 844 3684 Gamoenam,
868 3609 902 3670 et
924 3603 1055 3684 gloriosi
1078 3603 1215 3668 nominis

286 3707 467 3785 respergat
490 3703 551 3770 hoc
572 3722 697 3786 sonare,
720 3708 820 3773 Fama
841 3708 1060 3789 praecinente,
1083 3708 1276 3774 encomium:

395 3806 456 3885 Qui
477 3806 567 3888 prius
589 3809 655 3875 dux
677 3810 857 3876 Fridericus
879 3810 1089 3892 Daphnorino
1118 3813 1308 3878 ostenderat

351 3908 445 3989 signa
467 3911 569 3988 multa
591 3917 624 3979 et
645 3913 789 3979 ominosa
811 3913 919 3994 regiae
943 3912 1141 3994 clementiae,

350 4013 405 4080 ille
428 4033 514 4082 nunc
535 4034 593 4081 rex
614 4015 797 4083 Fridericua
819 4016 976 4099 pristinae
999 4017 1074 4082 olim
1097 4017 1221 4098 gratiae

353 4117 480 4203 iamque
502 4120 680 4191 maiestatis
702 4120 765 4204 ipsi
787 4121 912 4208 grarme
934 4126 1176 4188 monumentum
1199 4120 1331 4188 addidit.
