3517 5709
752 611 914 716 ⁸SA'I'YRA.

352 824 529 907 discipulus
551 821 674 901 melior,
698 819 869 901 conscripti
892 819 925 884 in
947 817 1091 886 vestibus
1115 819 1195 884 atris

352 930 469 996 heroes
491 944 704 1010 proceresque
726 929 759 989 et
780 923 883 989 tristis
905 909 1002 990 turba
1025 924 1158 992 dearum

352 1033 488 1100 inferias
510 1033 629 1098 ducent
651 1038 684 1097 et
706 1030 871 1117 mausolea
892 1031 1070 1111 parabunt3

286 1159 339 1212 220
352 1138 515 1223 egregium
536 1137 705 1232 in‘tumba
726 1134 852 1200 facinus
875 1135 962 1217 leget
984 1135 1094 1202 invida
1117 1139 1228 1202 tantm

351 1244 525 1326 posteritas
547 1243 636 1307 laudi
659 1241 843 1324 similesque
866 1240 1004 1307 viriliter
1026 1259 1124 1308 ausus

352 1347 455 1414 moliri
479 1363 568 1412 seros
590 1345 747 1412 accendet
768 1343 854 1412 fama
878 1351 1022 1426 nepotes.

240 1448 242 1452 ”
352 1450 592 1533 Quamprimum
614 1451 739 1532 gelidas
761 1464 920 1530 generosa
942 1450 1110 1534 reliquerit
1132 1452 1247 1520 umbra

353 1558 494 1639 corporis
517 1557 660 1636 exuvias,
685 1575 749 1620 non
772 1555 860 1620 illam
883 1555 979 1621 lintre
1003 1553 1139 1636 profano

286 1679 338 1733 225
349 1661 496 1745 portitor,
520 1667 686 1728 assuetum
708 1661 840 1728 timidus
864 1661 1038 1742 deposcere
1062 1660 1203 1742 naulum,
1273 1715 1277 1722 .

352 1767 488 1848 excipiet
512 1784 571 1832 nec
594 1787 658 1850 qua
679 1766 795 1849 vulgus
819 1766 987 1832 deducitur
1011 1766 1095 1847 alne,

353 1889 462 1955 puppe
485 1872 542 1936 sed
565 1878 679 1939 aurata
701 1873 867 1956 multoque
891 1873 1015 1942 nitente
1037 1889 1168 1954 pyropo,

353 1977 451 2042 cuius·
467 1976 591 2044 victrici
613 1976 742 2059 fulgent
763 1977 926 2044 carchesia
948 1979 1050 2042 lauru.

353 2081 514 2148 Cerberus
538 2083 670 2150 Alciden
694 2089 785 2150 ratus
809 2083 987 2148 adventure
1014 2079 1168 2149 trifauces

287 2186 527 2259 csoahscondct
550 2188 666 2254 rictus:
693 2188 780 2254 nullo
803 2187 997 2269 prohibente
1021 2184 1199 2268 capesses‘

353 2291 454 2374 Elysii
475 2291 574 2356 silvas
596 2293 699 2374 campi
722 2293 880 2374 sedesque
903 2292 1026 2357 beatas.

396 2396 413 2461 I
435 2414 521 2461 nunc
543 2401 577 2460 et
599 2396 710 2462 dubita
731 2397 835 2477 raptis
858 2414 897 2461 ex
921 2413 1037 2460 ansere
1060 2395 1177 2475 pennis

352 2501 513 2570 letiferum
535 2500 702 2583 praeferre
725 2519 845 2578 ensem
873 2499 1044 2582 scissisque
1068 2499 1186 2565 libellis

352 2607 464 2674 liorem
486 2609 556 2674 aevi
579 2607 706 2673 stabulo
730 2611 764 2672 et
786 2605 904 2672 celebri
929 2605 1050 2670 donare
1073 2605 1245 2687 palaestra,

289 2713 445 2786 neofortis
468 2712 684 2795 aqualiculum
706 2711 812 2777 discas
835 2715 870 2775 ut
894 2709 1030 2774 tundere
1053 2709 1149 2790 opimi

353 2819 494 2885 athletae
517 2823 549 2883 et
572 2822 667 2883 sonet
689 2818 753 2883 icta
775 2821 830 2882 tuo
853 2834 928 2898 seps
951 2814 1058 2881 ferrea
1080 2814 1186 2897 pulsu,

352 2928 439 2989 tecta
460 2921 549 2989 hirco
573 2927 630 2988 aut
651 2921 770 3004 triplici
791 2921 947 3003 pugnacis
970 2924 1098 2998 tergore
1120 2919 1215 2984 tauri.

393 3027 523 3092 Interea
543 3025 602 3090 tali
625 3026 699 3092 dum
722 3023 826 3090 fervet
848 3043 950 3090 arena
972 3022 1121 3102 tumultu,

353 3132 427 3197 dnm
452 3135 559 3196 certae
583 3135 734 3196 exercent
757 3130 891 3194 iuvenes
912 3128 1082 3210 praeludia
1104 3126 1220 3210 famae,
1305 3145 1308 3150 ·

287 3241 448 3319 adeatque
470 3235 587 3318 aliquis
609 3236 737 3302 labrum
758 3235 861 3300 livens
885 3234 1040 3300 vibicibus
1062 3234 1157 3313 ungit
1191 3319 1193 3322 ι

353 3341 573 3424 abstergitque
596 3359 697 3420 genas
720 3340 911 3422 mistamque
934 3357 1058 3404 cruore
1074 3339 1209 3407 salivam

355 3447 491 3528 exspuit,
514 3465 684 3512 excussum
707 3464 867 3529 quaerens
890 3445 923 3510 in
947 3445 1080 3526 pulvere
1103 3445 1249 3512 dentem:

350 3551 497 3633 impexus
519 3553 662 3632 barbam,
685 3552 772 3616 nullo
797 3550 979 3629 eomitante,
1004 3549 1157 3632 magister

354 3655 496 3720 ambulat
518 3657 559 3720 ad
583 3658 777 3735 cathedram,
801 3675 904 3721 vacua
926 3655 1069 3721 lecturus
1094 3657 1127 3722 in
1152 3655 1236 3736 aula,

287 3765 385 3830 asset
407 3760 524 3825 stultas
547 3762 643 3828 miser
666 3762 708 3826 ad
731 3761 886 3826 subsellia
911 3759 997 3825 nuda
1019 3758 1139 3838 figuras

354 3864 549 3946 scripturus3
573 3865 644 3949 quis
668 3867 754 3930 eninr
776 3855 899 3930 doctori
922 3865 1100 3930 commodet
1123 3882 1233 3931 aurem

353 3969 480 4052 plebeio
503 3977 601 4054 atque
620 3971 711 4053 inopi
735 3977 768 4036 et
791 3988 900 4036 crassa
922 3974 1104 4036 atramenta
1126 3969 1273 4036 cacano?

355 4074 416 4154 Qui
440 4076 484 4141 nil
507 4078 630 4157 mande
654 4082 765 4155 sonat,
789 4077 840 4153 cui
864 4095 1027 4159 nunquam
1049 4075 1175 4141 illustre
1198 4082 1345 4143 verutum
1368 4081 1418 4144 est

353 4180 387 4245 in
411 4183 559 4249 manibus
583 4201 642 4249 nec
664 4182 866 4265 quadrupedi
890 4182 967 4248 dare
991 4182 1080 4247 novit
1102 4183 1254 4263 habenas,

289 4299 341 4354 250
352 4285 409 4350 sed
433 4287 482 4353 cui
505 4288 607 4353 multa
629 4288 711 4353 latet
732 4288 827 4361 tenui
845 4289 904 4352 sub
929 4292 1020 4352 veste
1049 4288 1199 4369 supellex,

353 4391 467 4470 regula
491 4397 523 4458 et
544 4392 696 4459 inflexum
720 4393 874 4458 ducturus
899 4392 1035 4459 circinus
1059 4411 1177 4473 areum,

355 4500 388 4560 et
410 4498 465 4579 qui
488 4499 581 4580 nigra
603 4500 694 4582 bipes
718 4499 882 4582 dependat
904 4499 947 4576 ad
969 4497 1024 4564 ilia
1046 4515 1194 4580 gnomon,

355 4605 453 4684 atque
475 4601 631 4686 inscripta
653 4606 737 4671 notis
763 4605 928 4671 cerebrum
951 4604 1156 4670 turbantibus
1178 4602 1292 4684 ingens

356 4707 561 4776 membranae
575 4711 682 4778 moles
704 4716 737 4778 et
756 4716 864 4778 cretae
887 4708 992 4777 inusta
1013 4709 1144 4776 bilibris.
