3517 5709
368 616 410 676 80
867 604 1018 664 SATYRA.

455 765 500 830 nil
522 763 663 831 faustum
687 783 757 831 esse
780 769 906 847 putant.
951 767 1028 832 Sine
1052 767 1191 833 carmine
1219 787 1311 836 nemo
1335 770 1504 852 Magister,

455 890 547 936 namo
570 875 677 954 potest
698 871 817 936 Doctor
839 869 917 935 fieri.
964 869 1044 937 Cum
1068 873 1156 938 ducit
1176 879 1300 938 amator

413 1063 417 1066 .
453 973 623 1043 formosam
647 977 680 1057 in
703 976 860 1042 thalamos
885 975 1065 1062 nympham,
1089 978 1117 1042 si
1141 978 1283 1044 carmina
1307 979 1421 1062 desint,

406 1099 440 1150 eo
455 1087 547 1148 nocte
569 1083 652 1149 iacet
674 1086 743 1147 tota
765 1082 871 1146 tenuis
895 1081 965 1147 sine
986 1083 1100 1148 robore
1124 1099 1251 1164 nervus,

454 1207 518 1253 non
542 1187 642 1268 mags
667 1191 791 1256 arrecto
813 1206 910 1270 quam
933 1187 1077 1254 Nestoris
1100 1188 1213 1255 hernia
1236 1190 1325 1255 collo.

453 1291 657 1358 Carminibus
681 1293 773 1360 dictis
796 1310 975 1374 generosae
997 1294 1120 1360 semina
1141 1294 1242 1375 prolis

452 1416 571 1481 sponsa
593 1399 692 1481 capit,
716 1398 862 1481 plebeiae
885 1398 1009 1464 animae
1033 1400 1101 1464 sine
1126 1400 1267 1465 carmine
1290 1405 1435 1482 surgunt.

453 1503 533 1569 Cum
556 1505 690 1570 moritur
714 1503 811 1583 dives,
835 1507 977 1569 moestae
999 1505 1121 1572 sociata
1143 1522 1295 1586 cupresso
1366 1517 1369 1521 ’
1427 1517 1430 1525 ’

405 1626 439 1679 aa
451 1609 597 1692 sportula
620 1607 801 1675 chartarum
823 1613 994 1690 properat:
1018 1611 1156 1691 lugubre
1179 1609 1295 1675 viritim

450 1715 575 1798 pullata
598 1733 710 1781 servus
734 1732 866 1781 currens
890 1715 924 1779 in
948 1714 1085 1780 sindone
1109 1733 1237 1782 carmen

454 1821 617 1887 distribuit
638 1819 771 1902 populo;
796 1824 925 1885 cantata
947 1819 1026 1884 haec
1049 1821 1168 1884 naenia
1190 1819 1282 1901 pellit

446 1925 660 2006 Eumenidas,
685 1925 787 2009 Stygii
810 1926 965 1990 obturans
989 1924 1052 1989 tria
1074 1929 1207 2006 guttura
1232 1925 1374 2005 monstri,
1465 1919 1468 1924 ’

453 2051 512 2098 nec
534 2031 611 2096 sinit
634 2038 670 2096 ut
692 2031 776 2096 tristi
801 2031 972 2098 damnetur
994 2031 1126 2112 spiritus
1150 2031 1242 2110 Orco,

404 2141 518 2206 aotam
541 2137 645 2217 longis
669 2137 818 2216 numeris,
843 2141 908 2201 tam
932 2137 1043 2202 crebro
1068 2136 1208 2214 carmine
1232 2141 1329 2202 tutus.

496 2243 563 2308 Nec
585 2242 698 2308 Latias
721 2247 846 2307 tantum
869 2241 989 2318 Musas,
1013 2241 1104 2324 queis
1127 2234 1216 2306 arma
1233 2237 1404 2324 'virumque

450 2365 636 2430 pascuaque
660 2353 693 2412 et
714 2352 840 2429 segetes
863 2345 979 2413 cecinit
1001 2345 1279 2430 Mar0„queisque
1302 2342 1428 2410 Tibullo

449 2454 543 2520 Delia
566 2458 599 2518 et
621 2445 807 2518 inconstans
830 2451 952 2516 Nasoni
977 2451 1061 2518 dicta
1084 2451 1235 2534 Gorynna
1259 2454 1316 2530 est,

450 2559 637 2639 grandisoni
660 2561 788 2623 tentant
809 2562 910 2623 vates.
956 2556 1023 2622 Iam
1047 2556 1212 2623 scanditur
1235 2557 1318 2623 Oeta

401 2663 599 2741 eoDoricus3
622 2669 716 2745 epoto
739 2663 802 2726 iam
825 2660 950 2743 pridem
974 2661 1104 2727 Tibride
1129 2662 1212 2727 docti

451 2769 623 2834 turbantur
645 2766 758 2832 latices
781 2764 1001 2846 Aganippidos
1024 2763 1254 2847 Hippocrenes

450 2875 493 2939 Et
516 2892 606 2941 sacer
629 2871 722 2957 llyssi
745 2877 881 2951 torrens,
905 2889 999 2954 quem
1024 2869 1163 2936 Graecia
1186 2871 1346 2953 quondam

354 3000 357 3006 ’
449 2980 580 3046 illimem
603 2997 640 3045 ac
661 2995 743 3058 pura
765 2981 951 3040 manantem
974 2974 1102 3041 viderat
1126 2976 1221 3055 unda,

453 3084 601 3150 sordidus
614 3088 657 3170 et
679 3081 783 3162 putris
807 3091 943 3147 coenosa
966 3079 1086 3160 uligine
1109 3084 1224 3161 torpet.

402 3189 574 3271 ooQuique
596 3188 704 3271 thymo
725 3185 845 3251 florens
869 3186 1032 3272 cytisoque
1055 3185 1190 3266 insignis
1214 3187 1384 3272 Hymettus

450 3293 638 3360 Pindaricos
661 3291 819 3358 saturavit
840 3309 927 3372 apes,
951 3291 1025 3357 hinc
1048 3295 1191 3376 stercora
1212 3291 1313 3356 nostri

448 3397 653 3480 hirsutasque
675 3398 788 3477 legunt
811 3413 926 3476 vepres
950 3399 982 3460 et
1005 3395 1091 3460 oleta
1114 3398 1238 3476 poetae.
1277 3457 1286 3479 ,

494 3504 621 3571 Scilicet
646 3487 678 3567 et
700 3507 810 3568 vastae
834 3519 937 3582 nuper
960 3503 1049 3565 trans
1073 3517 1213 3580 aequora
1235 3495 1346 3563 Baltes

449 3611 675 3692 oppositasque
700 3607 789 3671 sinus
813 3605 976 3672 Cimbrum
1000 3602 1161 3670 Germana
1183 3601 1289 3683 poesis

401 3733 435 3786 55
448 3715 495 3781 ire
518 3717 707 3798 peregrinas
730 3713 836 3778 audax
860 3712 935 3776 dum
959 3714 1065 3774 tentat
1086 3710 1120 3773 in
1142 3725 1224 3787 oras,

448 3821 587 3886 immites
610 3819 711 3886 sensit
732 3816 906 3884 Nereidas:
930 3833 1070 3898 aequore
1092 3819 1160 3879 toto
1184 3872 1190 3876 .

448 3928 482 3988 et
504 3931 599 3990 vento
625 3928 657 3989 et
679 3923 832 4006 gravibus
854 3921 971 3986 misere
994 3921 1114 3986 iactata
1135 3917 1292 4000 procellis

448 4027 533 4094 illisa
556 4034 605 4094 est
627 4028 758 4109 scopulo
782 4026 884 4093 coecis
908 4031 1004 4109 atque
1027 4023 1132 4089 haesit
1154 4023 1270 4102 arenis,

448 4150 513 4214 qua
534 4132 632 4200 Mona
654 4134 757 4199 aerios
780 4133 861 4197 tollit
886 4137 1032 4200 cretacea
1055 4133 1173 4197 cautes.

403 4235 656 4319 ooNavifragam
679 4234 865 4319 fractaeque
888 4237 969 4302 ratis
991 4235 1044 4301 vix
1068 4235 1211 4300 mambra
1233 4235 1394 4298 tenentem

449 4342 574 4423 excepit
595 4341 686 4408 littus
711 4342 841 4421 nudum,
865 4340 923 4406 sed
947 4357 1079 4420 corpore
1102 4344 1169 4405 toto

448 4444 546 4528 friget
569 4448 674 4514 adhuc
697 4447 885 4529 redoletque
907 4446 1009 4528 picem
1032 4447 1232 4528 pinguesque
1255 4441 1410 4506 rudentes

447 4551 672 4634 sentinamque
695 4570 841 4632 gravem,
865 4551 1017 4634 liquidam
1039 4571 1101 4617 vox
1123 4567 1220 4618 rauca
1242 4544 1408 4628 mephitim

446 4658 558 4741 spirat,
580 4659 728 4741 inestque
750 4657 854 4738 olidis,
878 4657 1007 4724 biberat
1029 4673 1134 4740 quam,
1161 4658 1280 4722 nautea
1302 4647 1467 4736 rhythmis.
