3517 5709
360 657 402 717 96
814 642 1053 714 QUERIMONIA.

443 807 524 872 baec
545 804 631 871 foret
651 811 789 886 paterna
811 806 973 888 quondam
998 808 1125 886 sceptra
1142 803 1315 887 -fascesque
1338 807 1462 888 imperi,

379 929 431 980 140
441 916 519 977 tunc
541 930 624 977 novo
647 912 715 992 regi
737 911 874 975 insuetis
899 911 1087 991 gratulabor
1108 911 1264 992 versibus

443 1022 520 1082 tunc
543 1017 622 1080 meis
645 1014 789 1100 feliciora
811 1013 880 1081 fata
904 1017 1001 1081 rebus
1025 1015 1176 1096 spondeo.

448 1121 536 1200 Quae
559 1119 705 1203 profatus
729 1139 784 1185 ore
808 1119 924 1200 fuerat,
943 1121 1044 1186 'verus
1067 1139 1178 1202 augur,
1202 1123 1357 1203 praescio,

442 1244 597 1307 prospero
623 1220 758 1290 eventus
782 1230 938 1307 sequutus
963 1226 1181 1305 comprobavit
1204 1228 1317 1292 omina.

488 1330 576 1396 Haec
599 1349 675 1409 ergo
698 1328 781 1394 fidus
805 1335 973 1412 sequester
995 1331 1095 1395 verba
1118 1331 1186 1411 regi
1209 1329 1378 1410 perferam,

381 1455 430 1506 145
443 1437 543 1502 verba
566 1454 630 1500 non
653 1435 814 1516 portanda
837 1435 959 1516 rapidis
984 1435 1141 1500 Balticum
1165 1437 1198 1500 in
1224 1435 1341 1501 fretum
1364 1436 1465 1502 Notis.

444 1540 493 1605 Tu
517 1541 609 1605 modo
633 1541 783 1619 animum,
806 1539 1025 1620 Daphnorine,
1048 1540 1164 1621 recipe,
1192 1559 1379 1606 concussum
1403 1540 1505 1605 metu!

446 1645 550 1726 Saepe
574 1645 674 1725 navis,
698 1664 794 1728 quam
818 1645 978 1709 secundus
1001 1636 1120 1710 Auster
1144 1645 1313 1712 eoflucrus
1337 1645 1412 1711 tulit

441 1766 546 1834 ¹usqua
569 1749 645 1815 felix
667 1769 726 1830 per
748 1747 902 1831 profundi
925 1768 1026 1830 regnu
1048 1750 1154 1829 Nerei,

444 1856 508 1920 iam
533 1855 641 1921 subire
664 1859 813 1935 prompta
836 1859 962 1934 portum
987 1855 1115 1938 iamque
1137 1859 1243 1920 terrae
1266 1857 1419 1937 proxima,

380 1976 431 2031 iso
443 1961 617 2041 derepente
640 1959 813 2024 saevientis
837 1977 956 2041 quassa
978 1961 1103 2026 Boreae
1126 1961 1265 2040 turbine,

443 2065 599 2146 mergitur
621 2062 689 2130 fere
713 2069 808 2147 atque
832 2065 866 2129 in
889 2067 959 2146 ipso
982 2085 1065 2147 pene
1089 2067 1165 2131 sidit
1187 2066 1283 2143 ostio:

444 2189 527 2252 quae
551 2175 658 2234 tamen
682 2176 777 2236 canta
799 2171 944 2251 magistri
968 2172 1072 2236 seduli
1095 2171 1269 2253 prudentia

445 2276 612 2356 sospitam,
636 2293 671 2340 se
693 2282 828 2356 paterno
852 2278 941 2342 salva
964 2277 1071 2342 reddit
1092 2276 1193 2342 littori

442 2380 592 2462 laetaque
616 2379 765 2446 advectas
789 2386 912 2446 remoto
936 2401 955 2446 a
979 2382 1046 2448 sole
1070 2399 1191 2448 merces
1215 2380 1361 2462 explicat.

380 2503 429 2558 165
442 2486 607 2552 Hactenus
629 2491 705 2551 tuae
728 2485 860 2552 favente
882 2489 995 2571 cymba
1018 2487 1103 2552 vitae
1129 2486 1258 2550 numine

443 2609 632 2673 prosperum
656 2590 793 2656 sulcavit
816 2611 945 2674 aequor,
968 2592 1057 2673 lapsa
1079 2590 1252 2673 tranquillo
1277 2591 1358 2655 salo:

444 2695 571 2778 iamque
593 2713 667 2776 spes
689 2695 828 2760 blandae
850 2695 968 2778 quietis
991 2701 1023 2760 te
1047 2693 1185 2774 fovebat,
1210 2694 1307 2759 otium

446 2798 599 2880 pollicens
623 2811 655 2864 ct
679 2799 770 2864 dulce
792 2799 898 2880 longis
920 2799 1097 2880 praemium
1120 2799 1299 2878 sudoribus,

444 2905 572 2986 quando
596 2905 815 2985 inexspectata
838 2906 917 2970 duro
941 2923 1037 2971 saeva
1061 2905 1200 2971 stridens
1221 2905 1343 2985 impetu

383 3024 434 3077 160
445 3007 552 3093 obruit
573 3008 718 3090 procella
736 3009 878 3090 puppim,
901 3009 964 3074 iam
986 3009 1198 3091 propinquam
1220 3009 1336 3091 portui,

325 3175 329 3182 .
446 3111 636 3193 naufragum
660 3114 808 3180 minitata
830 3113 941 3179 fatum.
988 3113 1052 3180 Sed
1074 3113 1175 3180 fidelis
1197 3114 1326 3193 arbiter,

445 3217 499 3299 qui
521 3223 636 3282 tenens
660 3218 784 3284 clavum
807 3219 967 3298 gubernat
988 3218 1071 3284 fidus
1095 3224 1234 3286 arctoam
1257 3223 1368 3298 ratem,

446 3321 501 3386 illa
523 3321 665 3388 Castoris
688 3321 859 3402 gemellum
884 3328 1015 3406 sparget
1037 3325 1187 3390 antennis
1209 3325 1301 3390 iubar
1361 3322 1365 3330 '

445 3435 478 3492 et
500 3413 555 3493 tna
578 3428 618 3493 ad
641 3427 857 3492 desideratum
882 3429 952 3493 vela
974 3427 1084 3493 flectet
1107 3429 1242 3495 alveum.

381 3551 430 3603 165
486 3533 569 3612 Quin
594 3539 627 3598 et
648 3533 733 3615 idem
757 3539 862 3599 rector
885 3533 971 3599 orbis
994 3533 1119 3613 Daniel,
1143 3533 1202 3597 diis
1225 3531 1378 3611 aemulus,

443 3656 507 3703 non
530 3657 588 3703 suo
612 3644 735 3704 tautum
760 3638 870 3706 favore
894 3645 926 3705 te
951 3640 1075 3719 beabit,
1094 3657 1188 3723 quam
1212 3640 1266 3704 diu

443 3743 631 3824 quantulum
655 3750 712 3823 est,
736 3743 822 3825 quod
845 3748 948 3810 restat
970 3744 1039 3809 aevi
1063 3744 1224 3824 transigis,
1252 3743 1307 3808 sed
1331 3742 1462 3822 insuper

441 3846 474 3909 in
497 3852 587 3911 tuum
610 3853 742 3928 gnatum
766 3847 907 3914 refusam
930 3850 1117 3930 prorogabit
1138 3849 1282 3930 gratiam,

445 3954 477 4014 et
500 3953 663 4016 sereniore
685 3953 778 4017 vultu
802 3958 875 4018 vota
899 3956 1009 4019 nostra
1033 3956 1242 4034 comprobans

380 4071 432 4124 170
441 4054 605 4133 largietur,
630 4060 675 4135 ut,
699 4055 756 4120 tibi
780 4075 850 4122 cum
872 4055 924 4122 fila
949 4061 1077 4138 rumpet
1099 4061 1247 4137 Atropos,

444 4157 537 4238 filins
561 4165 635 4225 tuae
658 4180 677 4225 a
699 4160 831 4227 iuventa
854 4163 956 4228 cultor
978 4163 1056 4228 artis
1080 4163 1221 4242 sedulus,

442 4263 475 4327 in
499 4262 715 4345 professorum
739 4266 892 4332 cathedra
915 4267 1027 4332 sedeat
1050 4272 1082 4333 et
1104 4266 1274 4344 subselliis,

444 4367 552 4450 sicque
575 4368 689 4434 seriem
711 4376 928 4452 prosequutus
952 4371 1081 4454 ordinis,
1105 4393 1170 4438 non
1194 4373 1344 4452 degener,

443 4491 537 4555 quem
559 4479 653 4555 pater
673 4475 788 4555 tenuit,
812 4476 949 4541 eundem
973 4475 1056 4542 filius
1080 4481 1188 4544 teneat
1209 4477 1323 4542 locum.

263 4572 269 4583 '
380 4595 429 4648 175
441 4577 513 4642 Non
536 4578 664 4660 quidem
686 4581 877 4660 peregrinus
900 4581 954 4646 ille
978 4586 1027 4646 est
1049 4587 1104 4648 aut
1126 4583 1166 4648 ab
1190 4583 1266 4658 aliis
1284 4582 1418 4659 advena,

443 4683 545 4766 ipsius
568 4685 653 4768 quod
675 4700 732 4751 vos
755 4691 908 4768 parentes
932 4686 1019 4767 estis,
1042 4685 1104 4754 huc
1129 4687 1218 4753 venit
1240 4687 1332 4766 locis3
