<?xml version="1.0" encoding="UTF-8"?>
<!DOCTYPE html PUBLIC "-//W3C//DTD XHTML 1.0 Transitional//EN"
    "http://www.w3.org/TR/xhtml1/DTD/xhtml1-transitional.dtd">
<html xmlns="http://www.w3.org/1999/xhtml" xml:lang="en" lang="en">
 <head>
  <title>
</title>
<meta http-equiv="Content-Type" content="text/html;charset=utf-8" />
  <meta name='ocr-system' content='tesseract 3.04.00' />
  <meta name='ocr-capabilities' content='ocr_page ocr_carea ocr_par ocr_line ocrx_word'/>
</head>
<body>
  <div class='ocr_page' id='page_1' title='image "./scherzgedichte00laurgoog_0093.png"; bbox 0 0 3517 5709; ppageno 0'>
   <div class='ocr_carea' id='block_1_1' title="bbox 374 663 1027 736">
    <p class='ocr_par' dir='ltr' id='par_1_1' title="bbox 374 663 1027 736">
     <span class='ocr_line' id='line_1_1' title="bbox 374 663 1027 736; baseline -0.003 -14"><span class='ocrx_word' id='word_1_1' title='bbox 374 674 420 736; x_wconf 63' lang='grc' dir='ltr'><em>η</em></span> <span class='ocrx_word' id='word_1_2' title='bbox 875 663 1027 720; x_wconf 76' lang='lat' dir='ltr'>sarm</span> 
     </span>
    </p>
   </div>
   <div class='ocr_carea' id='block_1_2' title="bbox 394 821 1448 2907">
    <p class='ocr_par' dir='ltr' id='par_1_2' title="bbox 394 821 1448 2907">
     <span class='ocr_line' id='line_1_2' title="bbox 461 821 1364 908; baseline 0.004 -18"><span class='ocrx_word' id='word_1_3' title='bbox 461 831 495 890; x_wconf 86' lang='lat' dir='ltr'>et</span> <span class='ocrx_word' id='word_1_4' title='bbox 514 821 613 890; x_wconf 79' lang='lat' dir='ltr'>bures</span> <span class='ocrx_word' id='word_1_5' title='bbox 634 829 756 904; x_wconf 76' lang='lat' dir='ltr'>carpat,</span> <span class='ocrx_word' id='word_1_6' title='bbox 777 841 859 906; x_wconf 82' lang='lat' dir='ltr'>quus</span> <span class='ocrx_word' id='word_1_7' title='bbox 881 823 1005 904; x_wconf 79' lang='lat' dir='ltr'>Tempe</span> <span class='ocrx_word' id='word_1_8' title='bbox 1027 823 1196 892; x_wconf 77' lang='lat' dir='ltr'>Heliconia</span> <span class='ocrx_word' id='word_1_9' title='bbox 1217 827 1364 908; x_wconf 78' lang='lat' dir='ltr'>gignunt,</span> 
     </span>
     <span class='ocr_line' id='line_1_3' title="bbox 460 928 1325 1015; baseline 0.003 -19"><span class='ocrx_word' id='word_1_10' title='bbox 460 948 536 996; x_wconf 78' lang='lat' dir='ltr'>rura</span> <span class='ocrx_word' id='word_1_11' title='bbox 553 929 650 994; x_wconf 88' lang='lat' dir='ltr'>nimis</span> <span class='ocrx_word' id='word_1_12' title='bbox 670 929 766 994; x_wconf 89' lang='lat' dir='ltr'>turba</span> <span class='ocrx_word' id='word_1_13' title='bbox 787 936 848 994; x_wconf 82' lang='lat' dir='ltr'>est</span> <span class='ocrx_word' id='word_1_14' title='bbox 892 928 1008 994; x_wconf 90' lang='lat' dir='ltr'>Plures</span> <span class='ocrx_word' id='word_1_15' title='bbox 1030 931 1211 1012; x_wconf 83' lang='lat' dir='ltr'>penetralia</span> <span class='ocrx_word' id='word_1_16' title='bbox 1234 935 1325 1015; x_wconf 84' lang='lat' dir='ltr'>rupis</span> 
     </span>
     <span class='ocr_line' id='line_1_4' title="bbox 398 1034 1264 1118; baseline 0.002 -18"><span class='ocrx_word' id='word_1_17' title='bbox 398 1054 450 1107; x_wconf 82' lang='lat' dir='ltr'>ros</span> <span class='ocrx_word' id='word_1_18' title='bbox 460 1035 651 1117; x_wconf 80' lang='lat' dir='ltr'>Gorgnueee</span> <span class='ocrx_word' id='word_1_19' title='bbox 672 1039 708 1098; x_wconf 91' lang='lat' dir='ltr'>et</span> <span class='ocrx_word' id='word_1_20' title='bbox 728 1035 811 1100; x_wconf 88' lang='lat' dir='ltr'>sacri</span> <span class='ocrx_word' id='word_1_21' title='bbox 832 1034 1008 1099; x_wconf 74' lang='lat' dir='ltr'>subiissent</span> <span class='ocrx_word' id='word_1_22' title='bbox 1030 1036 1144 1101; x_wconf 91' lang='lat' dir='ltr'>intima</span> <span class='ocrx_word' id='word_1_23' title='bbox 1165 1037 1264 1118; x_wconf 89' lang='lat' dir='ltr'>collis,</span> 
     </span>
     <span class='ocr_line' id='line_1_5' title="bbox 459 1139 1261 1218; baseline 0.002 -12"><span class='ocrx_word' id='word_1_24' title='bbox 459 1141 580 1206; x_wconf 87' lang='lat' dir='ltr'>inducti</span> <span class='ocrx_word' id='word_1_25' title='bbox 602 1140 664 1204; x_wconf 88' lang='lat' dir='ltr'>nisi</span> <span class='ocrx_word' id='word_1_26' title='bbox 687 1139 801 1204; x_wconf 81' lang='lat' dir='ltr'>deutra</span> <span class='ocrx_word' id='word_1_27' title='bbox 823 1140 924 1218; x_wconf 84' lang='lat' dir='ltr'>ducis,</span> <span class='ocrx_word' id='word_1_28' title='bbox 948 1140 1026 1204; x_wconf 86' lang='lat' dir='ltr'>recti</span> <span class='ocrx_word' id='word_1_29' title='bbox 1046 1141 1148 1206; x_wconf 89' lang='lat' dir='ltr'>inscia</span> <span class='ocrx_word' id='word_1_30' title='bbox 1170 1141 1261 1208; x_wconf 85' lang='lat' dir='ltr'>callis</span> 
     </span>
     <span class='ocr_line' id='line_1_6' title="bbox 460 1243 1177 1325; baseline -0.003 -13"><span class='ocrx_word' id='word_1_31' title='bbox 460 1255 495 1312; x_wconf 90' lang='lat' dir='ltr'>et</span> <span class='ocrx_word' id='word_1_32' title='bbox 515 1263 589 1311; x_wconf 84' lang='lat' dir='ltr'>sese</span> <span class='ocrx_word' id='word_1_33' title='bbox 607 1261 723 1323; x_wconf 84' lang='lat' dir='ltr'>regere</span> <span class='ocrx_word' id='word_1_34' title='bbox 743 1244 858 1325; x_wconf 85' lang='lat' dir='ltr'>ignari,</span> <span class='ocrx_word' id='word_1_35' title='bbox 879 1243 1059 1324; x_wconf 79' lang='lat' dir='ltr'><strong>puerilibus</strong></span> <span class='ocrx_word' id='word_1_36' title='bbox 1082 1246 1177 1310; x_wconf 89' lang='lat' dir='ltr'>annis</span> 
     </span>
     <span class='ocr_line' id='line_1_7' title="bbox 457 1349 1252 1431; baseline 0 -15"><span class='ocrx_word' id='word_1_37' title='bbox 457 1353 621 1418; x_wconf 77' lang='lat' dir='ltr'><strong>incautam</strong></span> <span class='ocrx_word' id='word_1_38' title='bbox 642 1367 751 1414; x_wconf 90' lang='lat' dir='ltr'>secum</span> <span class='ocrx_word' id='word_1_39' title='bbox 773 1355 906 1429; x_wconf 87' lang='lat' dir='ltr'>raperet</span> <span class='ocrx_word' id='word_1_40' title='bbox 926 1367 986 1430; x_wconf 90' lang='lat' dir='ltr'>per</span> <span class='ocrx_word' id='word_1_41' title='bbox 1008 1349 1104 1414; x_wconf 81' lang='lat' dir='ltr'>devia</span> <span class='ocrx_word' id='word_1_42' title='bbox 1124 1352 1252 1431; x_wconf 91' lang='lat' dir='ltr'>pubem.</span> 
     </span>
     <span class='ocr_line' id='line_1_8' title="bbox 501 1453 1448 1538; baseline 0 -17"><span class='ocrx_word' id='word_1_43' title='bbox 501 1456 571 1522; x_wconf 79' lang='lat' dir='ltr'>Nec</span> <span class='ocrx_word' id='word_1_44' title='bbox 591 1461 700 1520; x_wconf 67' lang='lat' dir='ltr'>umen</span> <span class='ocrx_word' id='word_1_45' title='bbox 722 1453 800 1519; x_wconf 90' lang='lat' dir='ltr'>binc</span> <span class='ocrx_word' id='word_1_46' title='bbox 820 1454 937 1518; x_wconf 84' lang='lat' dir='ltr'>animis</span> <span class='ocrx_word' id='word_1_47' title='bbox 959 1455 1127 1537; x_wconf 89' lang='lat' dir='ltr'>antiquum</span> <span class='ocrx_word' id='word_1_48' title='bbox 1150 1456 1266 1538; x_wconf 84' lang='lat' dir='ltr'>dogma</span> <span class='ocrx_word' id='word_1_49' title='bbox 1288 1457 1448 1538; x_wconf 78' lang='lat' dir='ltr'>regendis,</span> 
     </span>
     <span class='ocr_line' id='line_1_9' title="bbox 394 1560 1409 1646; baseline -0.008 -12"><span class='ocrx_word' id='word_1_50' title='bbox 394 1562 543 1646; x_wconf 82' lang='lat' dir='ltr'>nequod</span> <span class='ocrx_word' id='word_1_51' title='bbox 564 1568 700 1626; x_wconf 87' lang='lat' dir='ltr'>tenuere</span> <span class='ocrx_word' id='word_1_52' title='bbox 720 1564 841 1642; x_wconf 83' lang='lat' dir='ltr'>patres,</span> <span class='ocrx_word' id='word_1_53' title='bbox 864 1560 996 1640; x_wconf 92' lang='lat' dir='ltr'>penitus</span> <span class='ocrx_word' id='word_1_54' title='bbox 1018 1561 1184 1626; x_wconf 81' lang='lat' dir='ltr'>discedere</span> <span class='ocrx_word' id='word_1_55' title='bbox 1204 1561 1328 1626; x_wconf 90' lang='lat' dir='ltr'>iussum</span> <span class='ocrx_word' id='word_1_56' title='bbox 1351 1568 1409 1640; x_wconf 82' lang='lat' dir='ltr'>est,</span> 
     </span>
     <span class='ocr_line' id='line_1_10' title="bbox 458 1664 1308 1747; baseline -0.002 -15"><span class='ocrx_word' id='word_1_57' title='bbox 458 1687 519 1733; x_wconf 86' lang='lat' dir='ltr'>nec</span> <span class='ocrx_word' id='word_1_58' title='bbox 540 1665 710 1746; x_wconf 87' lang='lat' dir='ltr'>disciplina</span> <span class='ocrx_word' id='word_1_59' title='bbox 732 1664 845 1728; x_wconf 85' lang='lat' dir='ltr'>exsilio</span> <span class='ocrx_word' id='word_1_60' title='bbox 866 1670 919 1730; x_wconf 90' lang='lat' dir='ltr'>est</span> <span class='ocrx_word' id='word_1_61' title='bbox 941 1665 1108 1730; x_wconf 88' lang='lat' dir='ltr'>damnata:</span> <span class='ocrx_word' id='word_1_62' title='bbox 1132 1674 1308 1747; x_wconf 76' lang='lat' dir='ltr'>supersunt</span> 
     </span>
     <span class='ocr_line' id='line_1_11' title="bbox 457 1769 1286 1856; baseline -0.002 -18"><span class='ocrx_word' id='word_1_63' title='bbox 457 1773 597 1856; x_wconf 82' lang='lat' dir='ltr'>pristina</span> <span class='ocrx_word' id='word_1_64' title='bbox 618 1769 815 1848; x_wconf 77' lang='lat' dir='ltr'>Eleutheris,</span> <span class='ocrx_word' id='word_1_65' title='bbox 837 1775 872 1834; x_wconf 89' lang='lat' dir='ltr'>et</span> <span class='ocrx_word' id='word_1_66' title='bbox 892 1769 1002 1834; x_wconf 89' lang='lat' dir='ltr'>multis</span> <span class='ocrx_word' id='word_1_67' title='bbox 1024 1770 1178 1836; x_wconf 78' lang='lat' dir='ltr'>imitabile</span> <span class='ocrx_word' id='word_1_68' title='bbox 1200 1770 1286 1836; x_wconf 92' lang='lat' dir='ltr'>ludis</span> 
     </span>
     <span class='ocr_line' id='line_1_12' title="bbox 459 1876 1389 1962; baseline -0.003 -19"><span class='ocrx_word' id='word_1_69' title='bbox 459 1876 650 1959; x_wconf 80' lang='lat' dir='ltr'>Cecropium</span> <span class='ocrx_word' id='word_1_70' title='bbox 671 1893 733 1940; x_wconf 89' lang='lat' dir='ltr'>sua</span> <span class='ocrx_word' id='word_1_71' title='bbox 753 1881 914 1940; x_wconf 84' lang='lat' dir='ltr'>monstrat</span> <span class='ocrx_word' id='word_1_72' title='bbox 936 1876 1041 1942; x_wconf 89' lang='lat' dir='ltr'>adbuc</span> <span class='ocrx_word' id='word_1_73' title='bbox 1062 1876 1234 1942; x_wconf 89' lang='lat' dir='ltr'>simulacra</span> <span class='ocrx_word' id='word_1_74' title='bbox 1255 1876 1389 1962; x_wconf 80' lang='lat' dir='ltr'>lyceum.</span> 
     </span>
     <span class='ocr_line' id='line_1_13' title="bbox 502 1983 1422 2064; baseline 0 -16"><span class='ocrx_word' id='word_1_75' title='bbox 502 1986 546 2048; x_wconf 80' lang='lat' dir='ltr'>At</span> <span class='ocrx_word' id='word_1_76' title='bbox 567 1987 709 2064; x_wconf 85' lang='lat' dir='ltr'>quantae</span> <span class='ocrx_word' id='word_1_77' title='bbox 730 1999 850 2061; x_wconf 86' lang='lat' dir='ltr'>pueros</span> <span class='ocrx_word' id='word_1_78' title='bbox 870 1987 990 2062; x_wconf 88' lang='lat' dir='ltr'>pestes,</span> <span class='ocrx_word' id='word_1_79' title='bbox 1012 2000 1096 2063; x_wconf 86' lang='lat' dir='ltr'>quae</span> <span class='ocrx_word' id='word_1_80' title='bbox 1116 1983 1236 2062; x_wconf 84' lang='lat' dir='ltr'>probra</span> <span class='ocrx_word' id='word_1_81' title='bbox 1257 1983 1422 2048; x_wconf 82' lang='lat' dir='ltr'>inuentam</span> 
     </span>
     <span class='ocr_line' id='line_1_14' title="bbox 396 2086 1426 2166; baseline -0.007 -7"><span class='ocrx_word' id='word_1_82' title='bbox 396 2087 626 2160; x_wconf 80' lang='lat' dir='ltr'>nisexercentl</span> <span class='ocrx_word' id='word_1_83' title='bbox 670 2088 756 2166; x_wconf 81' lang='lat' dir='ltr'>Quot</span> <span class='ocrx_word' id='word_1_84' title='bbox 775 2103 847 2152; x_wconf 91' lang='lat' dir='ltr'>sese</span> <span class='ocrx_word' id='word_1_85' title='bbox 869 2086 1048 2151; x_wconf 85' lang='lat' dir='ltr'>ostendunt</span> <span class='ocrx_word' id='word_1_86' title='bbox 1069 2092 1214 2152; x_wconf 87' lang='lat' dir='ltr'>monstra</span> <span class='ocrx_word' id='word_1_87' title='bbox 1236 2087 1426 2164; x_wconf 85' lang='lat' dir='ltr'>scholarum,</span> 
     </span>
     <span class='ocr_line' id='line_1_15' title="bbox 457 2191 1368 2277; baseline 0.001 -20"><span class='ocrx_word' id='word_1_88' title='bbox 457 2194 551 2277; x_wconf 82' lang='lat' dir='ltr'>queis</span> <span class='ocrx_word' id='word_1_89' title='bbox 571 2191 651 2257; x_wconf 86' lang='lat' dir='ltr'>crdo</span> <span class='ocrx_word' id='word_1_90' title='bbox 674 2193 778 2256; x_wconf 84' lang='lat' dir='ltr'>omnis</span> <span class='ocrx_word' id='word_1_91' title='bbox 800 2191 903 2270; x_wconf 90' lang='lat' dir='ltr'>abest,</span> <span class='ocrx_word' id='word_1_92' title='bbox 925 2191 982 2255; x_wconf 92' lang='lat' dir='ltr'>ubi</span> <span class='ocrx_word' id='word_1_93' title='bbox 1003 2209 1057 2256; x_wconf 89' lang='lat' dir='ltr'>res</span> <span class='ocrx_word' id='word_1_94' title='bbox 1080 2193 1220 2257; x_wconf 85' lang='lat' dir='ltr'>clamore</span> <span class='ocrx_word' id='word_1_95' title='bbox 1243 2191 1368 2272; x_wconf 86' lang='lat' dir='ltr'>putenti</span> 
     </span>
     <span class='ocr_line' id='line_1_16' title="bbox 457 2296 1342 2379; baseline 0 -17"><span class='ocrx_word' id='word_1_96' title='bbox 457 2304 585 2363; x_wconf 89' lang='lat' dir='ltr'>tantum</span> <span class='ocrx_word' id='word_1_97' title='bbox 607 2296 729 2375; x_wconf 69' lang='lat' dir='ltr'>agitur!</span> <span class='ocrx_word' id='word_1_98' title='bbox 773 2296 865 2362; x_wconf 84' lang='lat' dir='ltr'>Sales</span> <span class='ocrx_word' id='word_1_99' title='bbox 887 2297 1069 2379; x_wconf 87' lang='lat' dir='ltr'>petulantia</span> <span class='ocrx_word' id='word_1_100' title='bbox 1091 2315 1187 2362; x_wconf 86' lang='lat' dir='ltr'>coeca</span> <span class='ocrx_word' id='word_1_101' title='bbox 1209 2313 1342 2362; x_wconf 86' lang='lat' dir='ltr'>serenos</span> 
     </span>
     <span class='ocr_line' id='line_1_17' title="bbox 458 2401 1277 2484; baseline -0.001 -16"><span class='ocrx_word' id='word_1_102' title='bbox 458 2408 604 2484; x_wconf 82' lang='lat' dir='ltr'>occupat,</span> <span class='ocrx_word' id='word_1_103' title='bbox 624 2402 773 2467; x_wconf 78' lang='lat' dir='ltr'>inducias</span> <span class='ocrx_word' id='word_1_104' title='bbox 794 2401 896 2480; x_wconf 89' lang='lat' dir='ltr'>libris,</span> <span class='ocrx_word' id='word_1_105' title='bbox 919 2401 1008 2468; x_wconf 88' lang='lat' dir='ltr'>nulla</span> <span class='ocrx_word' id='word_1_106' title='bbox 1030 2403 1096 2468; x_wconf 86' lang='lat' dir='ltr'>ntia</span> <span class='ocrx_word' id='word_1_107' title='bbox 1117 2403 1277 2483; x_wconf 83' lang='lat' dir='ltr'>praebent</span> 
     </span>
     <span class='ocr_line' id='line_1_18' title="bbox 460 2505 1331 2592; baseline -0.005 -19"><span class='ocrx_word' id='word_1_108' title='bbox 460 2509 633 2592; x_wconf 81' lang='lat' dir='ltr'>nequitiae.</span> <span class='ocrx_word' id='word_1_109' title='bbox 678 2507 713 2574; x_wconf 87' lang='lat' dir='ltr'>Si</span> <span class='ocrx_word' id='word_1_110' title='bbox 734 2513 809 2572; x_wconf 84' lang='lat' dir='ltr'>trux</span> <span class='ocrx_word' id='word_1_111' title='bbox 831 2506 940 2589; x_wconf 87' lang='lat' dir='ltr'>aquilo</span> <span class='ocrx_word' id='word_1_112' title='bbox 962 2511 1020 2572; x_wconf 87' lang='lat' dir='ltr'>aut</span> <span class='ocrx_word' id='word_1_113' title='bbox 1042 2507 1208 2573; x_wconf 87' lang='lat' dir='ltr'>nimbosus</span> <span class='ocrx_word' id='word_1_114' title='bbox 1231 2505 1331 2572; x_wconf 87' lang='lat' dir='ltr'>Orien</span> 
     </span>
     <span class='ocr_line' id='line_1_19' title="bbox 394 2611 1198 2695; baseline -0.006 -14"><span class='ocrx_word' id='word_1_115' title='bbox 394 2613 537 2683; x_wconf 81' lang='lat' dir='ltr'>ranhora</span> <span class='ocrx_word' id='word_1_116' title='bbox 558 2619 634 2695; x_wconf 86' lang='lat' dir='ltr'>pest</span> <span class='ocrx_word' id='word_1_117' title='bbox 652 2613 760 2694; x_wconf 85' lang='lat' dir='ltr'>pultes</span> <span class='ocrx_word' id='word_1_118' title='bbox 782 2617 817 2676; x_wconf 90' lang='lat' dir='ltr'>et</span> <span class='ocrx_word' id='word_1_119' title='bbox 838 2612 1034 2677; x_wconf 85' lang='lat' dir='ltr'>salsamenta</span> <span class='ocrx_word' id='word_1_120' title='bbox 1056 2611 1198 2677; x_wconf 84' lang='lat' dir='ltr'>secunda</span> 
     </span>
     <span class='ocr_line' id='line_1_20' title="bbox 458 2716 1316 2798; baseline -0.003 -15"><span class='ocrx_word' id='word_1_121' title='bbox 458 2719 595 2784; x_wconf 85' lang='lat' dir='ltr'>traxerit</span> <span class='ocrx_word' id='word_1_122' title='bbox 616 2718 649 2782; x_wconf 95' lang='lat' dir='ltr'>in</span> <span class='ocrx_word' id='word_1_123' title='bbox 671 2717 818 2796; x_wconf 88' lang='lat' dir='ltr'>classem,</span> <span class='ocrx_word' id='word_1_124' title='bbox 840 2717 957 2782; x_wconf 87' lang='lat' dir='ltr'>oblitos</span> <span class='ocrx_word' id='word_1_125' title='bbox 979 2717 1056 2798; x_wconf 89' lang='lat' dir='ltr'>quid</span> <span class='ocrx_word' id='word_1_126' title='bbox 1077 2716 1173 2780; x_wconf 89' lang='lat' dir='ltr'>lectio</span> <span class='ocrx_word' id='word_1_127' title='bbox 1195 2720 1316 2796; x_wconf 76' lang='lat' dir='ltr'>poseat</span> 
     </span>
     <span class='ocr_line' id='line_1_21' title="bbox 460 2820 1383 2907; baseline -0.008 -18"><span class='ocrx_word' id='word_1_128' title='bbox 460 2829 495 2889; x_wconf 91' lang='lat' dir='ltr'>et</span> <span class='ocrx_word' id='word_1_129' title='bbox 515 2822 614 2907; x_wconf 82' lang='lat' dir='ltr'>Styga</span> <span class='ocrx_word' id='word_1_130' title='bbox 635 2822 790 2900; x_wconf 89' lang='lat' dir='ltr'>iurantes,</span> <span class='ocrx_word' id='word_1_131' title='bbox 812 2821 1001 2902; x_wconf 89' lang='lat' dir='ltr'>permistum</span> <span class='ocrx_word' id='word_1_132' title='bbox 1025 2838 1188 2886; x_wconf 88' lang='lat' dir='ltr'>murmure</span> <span class='ocrx_word' id='word_1_133' title='bbox 1209 2820 1383 2901; x_wconf 86' lang='lat' dir='ltr'>planctum,</span> 
     </span>
    </p>
   </div>
   <div class='ocr_carea' id='block_1_3' title="bbox 395 2913 1361 3322">
    <p class='ocr_par' dir='ltr' id='par_1_3' title="bbox 458 2913 1219 3117">
     <span class='ocr_line' id='line_1_22' title="bbox 460 2913 1213 3013; baseline -0.005 -19"><span class='ocrx_word' id='word_1_134' title='bbox 460 2935 558 3013; x_wconf 84' lang='lat' dir='ltr'>atque</span> <span class='ocrx_word' id='word_1_135' title='bbox 578 2925 783 2994; x_wconf 85' lang='lat' dir='ltr'>indistinctos</span> <span class='ocrx_word' id='word_1_136' title='bbox 804 2925 940 2992; x_wconf 81' lang='lat' dir='ltr'>contusa</span> <span class='ocrx_word' id='word_1_137' title='bbox 962 2945 1040 2992; x_wconf 78' lang='lat' dir='ltr'>voce</span> <span class='ocrx_word' id='word_1_138' title='bbox 1063 2913 1213 2992; x_wconf 88' lang='lat' dir='ltr'>susurros</span> 
     </span>
     <span class='ocr_line' id='line_1_23' title="bbox 458 3031 1219 3117; baseline 0.001 -20"><span class='ocrx_word' id='word_1_139' title='bbox 458 3033 627 3117; x_wconf 88' lang='lat' dir='ltr'>perculsae</span> <span class='ocrx_word' id='word_1_140' title='bbox 648 3034 782 3113; x_wconf 85' lang='lat' dir='ltr'>capiunt</span> <span class='ocrx_word' id='word_1_141' title='bbox 802 3050 914 3097; x_wconf 87' lang='lat' dir='ltr'>aures:</span> <span class='ocrx_word' id='word_1_142' title='bbox 938 3033 1088 3096; x_wconf 84' lang='lat' dir='ltr'>examina</span> <span class='ocrx_word' id='word_1_143' title='bbox 1107 3031 1219 3098; x_wconf 80' lang='lat' dir='ltr'>credas</span> 
     </span>
    </p>

    <p class='ocr_par' dir='ltr' id='par_1_4' title="bbox 395 3134 1361 3322">
     <span class='ocr_line' id='line_1_24' title="bbox 395 3134 1361 3218; baseline -0.009 -9"><span class='ocrx_word' id='word_1_144' title='bbox 395 3157 447 3209; x_wconf 79' lang='lat' dir='ltr'>rac</span> <span class='ocrx_word' id='word_1_145' title='bbox 458 3139 647 3205; x_wconf 84' lang='lat' dir='ltr'>crabronum</span> <span class='ocrx_word' id='word_1_146' title='bbox 671 3144 730 3202; x_wconf 88' lang='lat' dir='ltr'>aut</span> <span class='ocrx_word' id='word_1_147' title='bbox 749 3155 866 3217; x_wconf 81' lang='lat' dir='ltr'>vespas</span> <span class='ocrx_word' id='word_1_148' title='bbox 890 3137 932 3202; x_wconf 87' lang='lat' dir='ltr'>ad</span> <span class='ocrx_word' id='word_1_149' title='bbox 955 3137 1073 3218; x_wconf 82' lang='lat' dir='ltr'>pabula</span> <span class='ocrx_word' id='word_1_150' title='bbox 1095 3134 1191 3202; x_wconf 81' lang='lat' dir='ltr'>foeda</span> <span class='ocrx_word' id='word_1_151' title='bbox 1214 3139 1361 3212; x_wconf 87' lang='lat' dir='ltr'>ruentes;</span> 
     </span>
     <span class='ocr_line' id='line_1_25' title="bbox 459 3239 1304 3322; baseline -0.004 -15"><span class='ocrx_word' id='word_1_152' title='bbox 459 3243 566 3307; x_wconf 88' lang='lat' dir='ltr'>mitior</span> <span class='ocrx_word' id='word_1_153' title='bbox 586 3242 620 3306; x_wconf 95' lang='lat' dir='ltr'>in</span> <span class='ocrx_word' id='word_1_154' title='bbox 642 3259 758 3322; x_wconf 80' lang='lat' dir='ltr'>magno</span> <span class='ocrx_word' id='word_1_155' title='bbox 780 3241 934 3321; x_wconf 86' lang='lat' dir='ltr'>strepitus</span> <span class='ocrx_word' id='word_1_156' title='bbox 957 3239 1036 3304; x_wconf 86' lang='lat' dir='ltr'>lurit</span> <span class='ocrx_word' id='word_1_157' title='bbox 1058 3239 1304 3321; x_wconf 86' lang='lat' dir='ltr'>amphitheatro,</span> 
     </span>
    </p>
   </div>
   <div class='ocr_carea' id='block_1_4' title="bbox 393 3343 1549 4789">
    <p class='ocr_par' dir='ltr' id='par_1_5' title="bbox 393 3343 1549 4789">
     <span class='ocr_line' id='line_1_26' title="bbox 460 3343 1298 3425; baseline -0.004 -12"><span class='ocrx_word' id='word_1_158' title='bbox 460 3347 675 3413; x_wconf 75' lang='lat' dir='ltr'>cancticum</span> <span class='ocrx_word' id='word_1_159' title='bbox 697 3345 795 3410; x_wconf 87' lang='lat' dir='ltr'>turba</span> <span class='ocrx_word' id='word_1_160' title='bbox 815 3343 913 3410; x_wconf 81' lang='lat' dir='ltr'>favet</span> <span class='ocrx_word' id='word_1_161' title='bbox 958 3345 1021 3423; x_wconf 86' lang='lat' dir='ltr'>Qui</span> <span class='ocrx_word' id='word_1_162' title='bbox 1042 3351 1176 3425; x_wconf 84' lang='lat' dir='ltr'>gutture</span> <span class='ocrx_word' id='word_1_163' title='bbox 1197 3345 1298 3412; x_wconf 83' lang='lat' dir='ltr'>uincit</span> 
     </span>
     <span class='ocr_line' id='line_1_27' title="bbox 418 3447 1199 3531; baseline -0.005 -13"><span class='ocrx_word' id='word_1_164' title='bbox 418 3449 422 3457; x_wconf 88' lang='grc'><strong><em>’</em></strong></span> <span class='ocrx_word' id='word_1_165' title='bbox 460 3451 620 3531; x_wconf 83' lang='lat' dir='ltr'>Stentora,</span> <span class='ocrx_word' id='word_1_166' title='bbox 642 3449 799 3516; x_wconf 85' lang='lat' dir='ltr'>vimineos</span> <span class='ocrx_word' id='word_1_167' title='bbox 821 3450 935 3515; x_wconf 83' lang='lat' dir='ltr'>maiori</span> <span class='ocrx_word' id='word_1_168' title='bbox 955 3451 1071 3515; x_wconf 86' lang='lat' dir='ltr'>robure</span> <span class='ocrx_word' id='word_1_169' title='bbox 1093 3447 1199 3516; x_wconf 83' lang='lat' dir='ltr'>fasces</span> 
     </span>
     <span class='ocr_line' id='line_1_28' title="bbox 459 3555 1282 3641; baseline -0.005 -20"><span class='ocrx_word' id='word_1_170' title='bbox 459 3557 515 3641; x_wconf 84' lang='lat' dir='ltr'>qui</span> <span class='ocrx_word' id='word_1_171' title='bbox 536 3557 665 3623; x_wconf 83' lang='lat' dir='ltr'>vibrare</span> <span class='ocrx_word' id='word_1_172' title='bbox 685 3561 795 3636; x_wconf 82' lang='lat' dir='ltr'>potest</span> <span class='ocrx_word' id='word_1_173' title='bbox 816 3561 974 3638; x_wconf 83' lang='lat' dir='ltr'>tantoque</span> <span class='ocrx_word' id='word_1_174' title='bbox 995 3561 1109 3620; x_wconf 79' lang='lat' dir='ltr'>innare</span> <span class='ocrx_word' id='word_1_175' title='bbox 1132 3555 1282 3633; x_wconf 88' lang='lat' dir='ltr'>tumultu,</span> 
     </span>
     <span class='ocr_line' id='line_1_29' title="bbox 393 3659 1244 3745; baseline -0.012 -13"><span class='ocrx_word' id='word_1_176' title='bbox 393 3668 576 3745; x_wconf 79' lang='lat' dir='ltr'>reoquanto</span> <span class='ocrx_word' id='word_1_177' title='bbox 597 3660 761 3741; x_wconf 81' lang='lat' dir='ltr'>percussis</span> <span class='ocrx_word' id='word_1_178' title='bbox 782 3659 954 3725; x_wconf 90' lang='lat' dir='ltr'>incudibus</span> <span class='ocrx_word' id='word_1_179' title='bbox 975 3678 1051 3724; x_wconf 89' lang='lat' dir='ltr'>aera</span> <span class='ocrx_word' id='word_1_180' title='bbox 1072 3659 1244 3737; x_wconf 85' lang='lat' dir='ltr'>resultant,</span> 
     </span>
     <span class='ocr_line' id='line_1_30' title="bbox 458 3763 1301 3847; baseline -0.009 -14"><span class='ocrx_word' id='word_1_181' title='bbox 458 3787 529 3833; x_wconf 92' lang='lat' dir='ltr'>cum</span> <span class='ocrx_word' id='word_1_182' title='bbox 551 3766 670 3847; x_wconf 80' lang='lat' dir='ltr'>pelvim</span> <span class='ocrx_word' id='word_1_183' title='bbox 691 3763 785 3844; x_wconf 80' lang='lat' dir='ltr'>fingit</span> <span class='ocrx_word' id='word_1_184' title='bbox 808 3763 921 3829; x_wconf 86' lang='lat' dir='ltr'>furvus</span> <span class='ocrx_word' id='word_1_185' title='bbox 945 3764 1045 3845; x_wconf 81' lang='lat' dir='ltr'>saber,</span> <span class='ocrx_word' id='word_1_186' title='bbox 1068 3765 1123 3829; x_wconf 92' lang='lat' dir='ltr'>ille</span> <span class='ocrx_word' id='word_1_187' title='bbox 1144 3765 1301 3830; x_wconf 89' lang='lat' dir='ltr'>brabeum</span> 
     </span>
     <span class='ocr_line' id='line_1_31' title="bbox 457 3867 1549 3953; baseline -0.005 -18"><span class='ocrx_word' id='word_1_188' title='bbox 457 3870 645 3953; x_wconf 87' lang='lat' dir='ltr'>promeruit.</span> <span class='ocrx_word' id='word_1_189' title='bbox 689 3869 771 3934; x_wconf 87' lang='lat' dir='ltr'>Nam</span> <span class='ocrx_word' id='word_1_190' title='bbox 795 3869 872 3952; x_wconf 89' lang='lat' dir='ltr'>quid</span> <span class='ocrx_word' id='word_1_191' title='bbox 895 3869 1015 3949; x_wconf 89' lang='lat' dir='ltr'>didicit,</span> <span class='ocrx_word' id='word_1_192' title='bbox 1040 3870 1101 3936; x_wconf 94' lang='lat' dir='ltr'>nisi</span> <span class='ocrx_word' id='word_1_193' title='bbox 1123 3870 1258 3934; x_wconf 89' lang='lat' dir='ltr'>tendere</span> <span class='ocrx_word' id='word_1_194' title='bbox 1281 3867 1413 3948; x_wconf 80' lang='lat' dir='ltr'>virgum,</span> <span class='ocrx_word' id='word_1_195' title='bbox 1544 3897 1549 3900; x_wconf 97' lang='lat'>·</span> 
     </span>
     <span class='ocr_line' id='line_1_32' title="bbox 459 3973 1344 4055; baseline -0.003 -16"><span class='ocrx_word' id='word_1_196' title='bbox 459 3992 564 4055; x_wconf 86' lang='lat' dir='ltr'>nuper</span> <span class='ocrx_word' id='word_1_197' title='bbox 585 3981 620 4038; x_wconf 89' lang='lat' dir='ltr'>et</span> <span class='ocrx_word' id='word_1_198' title='bbox 641 3982 792 4054; x_wconf 88' lang='lat' dir='ltr'>acceptas</span> <span class='ocrx_word' id='word_1_199' title='bbox 814 3993 887 4039; x_wconf 88' lang='lat' dir='ltr'>cum</span> <span class='ocrx_word' id='word_1_200' title='bbox 910 3973 1043 4041; x_wconf 78' lang='lat' dir='ltr'>foenore</span> <span class='ocrx_word' id='word_1_201' title='bbox 1065 3975 1202 4040; x_wconf 88' lang='lat' dir='ltr'>reddere</span> <span class='ocrx_word' id='word_1_202' title='bbox 1223 3973 1344 4055; x_wconf 82' lang='lat' dir='ltr'>plagas,</span> 
     </span>
     <span class='ocr_line' id='line_1_33' title="bbox 458 4076 1262 4162; baseline -0.001 -18"><span class='ocrx_word' id='word_1_203' title='bbox 458 4077 611 4154; x_wconf 87' lang='lat' dir='ltr'>Orbilius,</span> <span class='ocrx_word' id='word_1_204' title='bbox 634 4076 738 4142; x_wconf 89' lang='lat' dir='ltr'>barba</span> <span class='ocrx_word' id='word_1_205' title='bbox 759 4076 905 4143; x_wconf 84' lang='lat' dir='ltr'>referens</span> <span class='ocrx_word' id='word_1_206' title='bbox 928 4085 961 4145; x_wconf 89' lang='lat' dir='ltr'>et</span> <span class='ocrx_word' id='word_1_207' title='bbox 983 4098 1061 4144; x_wconf 85' lang='lat' dir='ltr'>voce</span> <span class='ocrx_word' id='word_1_208' title='bbox 1083 4079 1262 4162; x_wconf 77' lang='lat' dir='ltr'>capellam?</span> 
     </span>
     <span class='ocr_line' id='line_1_34' title="bbox 395 4178 1462 4264; baseline -0.012 -9"><span class='ocrx_word' id='word_1_209' title='bbox 395 4200 445 4254; x_wconf 74' lang='lat' dir='ltr'>rsa</span> <span class='ocrx_word' id='word_1_210' title='bbox 456 4181 581 4263; x_wconf 84' lang='lat' dir='ltr'>Nempe</span> <span class='ocrx_word' id='word_1_211' title='bbox 601 4180 715 4246; x_wconf 87' lang='lat' dir='ltr'>borum</span> <span class='ocrx_word' id='word_1_212' title='bbox 737 4182 801 4248; x_wconf 92' lang='lat' dir='ltr'>huc</span> <span class='ocrx_word' id='word_1_213' title='bbox 823 4182 948 4249; x_wconf 80' lang='lat' dir='ltr'>serulae</span> <span class='ocrx_word' id='word_1_214' title='bbox 970 4183 1121 4264; x_wconf 87' lang='lat' dir='ltr'>tendunt,</span> <span class='ocrx_word' id='word_1_215' title='bbox 1144 4193 1182 4250; x_wconf 88' lang='lat' dir='ltr'>ut</span> <span class='ocrx_word' id='word_1_216' title='bbox 1203 4183 1338 4249; x_wconf 85' lang='lat' dir='ltr'>verbere</span> <span class='ocrx_word' id='word_1_217' title='bbox 1362 4178 1462 4244; x_wconf 88' lang='lat' dir='ltr'>multe</span> 
     </span>
     <span class='ocr_line' id='line_1_35' title="bbox 456 4285 1270 4370; baseline 0 -18"><span class='ocrx_word' id='word_1_218' title='bbox 456 4285 623 4369; x_wconf 79' lang='lat' dir='ltr'>perfossas</span> <span class='ocrx_word' id='word_1_219' title='bbox 644 4287 792 4368; x_wconf 84' lang='lat' dir='ltr'>ingressa</span> <span class='ocrx_word' id='word_1_220' title='bbox 813 4297 908 4354; x_wconf 91' lang='lat' dir='ltr'>nates</span> <span class='ocrx_word' id='word_1_221' title='bbox 931 4289 1108 4370; x_wconf 87' lang='lat' dir='ltr'>Sapientia,</span> <span class='ocrx_word' id='word_1_222' title='bbox 1134 4288 1270 4354; x_wconf 89' lang='lat' dir='ltr'>stultum</span> 
     </span>
     <span class='ocr_line' id='line_1_36' title="bbox 457 4389 1335 4474; baseline -0.005 -17"><span class='ocrx_word' id='word_1_223' title='bbox 457 4392 500 4457; x_wconf 87' lang='lat' dir='ltr'>ad</span> <span class='ocrx_word' id='word_1_224' title='bbox 523 4393 689 4459; x_wconf 87' lang='lat' dir='ltr'>cerebrum</span> <span class='ocrx_word' id='word_1_225' title='bbox 713 4411 811 4457; x_wconf 85' lang='lat' dir='ltr'>curva</span> <span class='ocrx_word' id='word_1_226' title='bbox 832 4411 893 4474; x_wconf 91' lang='lat' dir='ltr'>per</span> <span class='ocrx_word' id='word_1_227' title='bbox 916 4392 1019 4458; x_wconf 89' lang='lat' dir='ltr'>colum</span> <span class='ocrx_word' id='word_1_228' title='bbox 1043 4395 1178 4473; x_wconf 82' lang='lat' dir='ltr'>ambage</span> <span class='ocrx_word' id='word_1_229' title='bbox 1201 4389 1335 4468; x_wconf 82' lang='lat' dir='ltr'>feratur,</span> 
     </span>
     <span class='ocr_line' id='line_1_37' title="bbox 459 4496 1294 4579; baseline -0.005 -17"><span class='ocrx_word' id='word_1_230' title='bbox 459 4497 548 4563; x_wconf 89' lang='lat' dir='ltr'>unde</span> <span class='ocrx_word' id='word_1_231' title='bbox 569 4496 677 4563; x_wconf 85' lang='lat' dir='ltr'>lerant</span> <span class='ocrx_word' id='word_1_232' title='bbox 697 4497 848 4579; x_wconf 88' lang='lat' dir='ltr'>pretinm,</span> <span class='ocrx_word' id='word_1_233' title='bbox 871 4496 1049 4577; x_wconf 79' lang='lat' dir='ltr'>fulgentem</span> <span class='ocrx_word' id='word_1_234' title='bbox 1073 4497 1172 4562; x_wconf 84' lang='lat' dir='ltr'>divite</span> <span class='ocrx_word' id='word_1_235' title='bbox 1196 4511 1294 4560; x_wconf 86' lang='lat' dir='ltr'>censu</span> 
     </span>
     <span class='ocr_line' id='line_1_38' title="bbox 457 4599 1302 4683; baseline -0.004 -16"><span class='ocrx_word' id='word_1_236' title='bbox 457 4610 656 4683; x_wconf 77' lang='lat' dir='ltr'>suggestum,</span> <span class='ocrx_word' id='word_1_237' title='bbox 679 4610 713 4669; x_wconf 89' lang='lat' dir='ltr'>et</span> <span class='ocrx_word' id='word_1_238' title='bbox 736 4601 866 4668; x_wconf 90' lang='lat' dir='ltr'>decimis</span> <span class='ocrx_word' id='word_1_239' title='bbox 888 4607 1023 4666; x_wconf 87' lang='lat' dir='ltr'>onerata</span> <span class='ocrx_word' id='word_1_240' title='bbox 1045 4601 1172 4680; x_wconf 85' lang='lat' dir='ltr'>altaria,</span> <span class='ocrx_word' id='word_1_241' title='bbox 1196 4599 1302 4664; x_wconf 91' lang='lat' dir='ltr'>dotem</span> 
     </span>
     <span class='ocr_line' id='line_1_39' title="bbox 394 4704 1290 4789; baseline -0.008 -12"><span class='ocrx_word' id='word_1_242' title='bbox 394 4707 602 4789; x_wconf 70' lang='lat' dir='ltr'>ranunculae,</span> <span class='ocrx_word' id='word_1_243' title='bbox 625 4708 718 4774; x_wconf 90' lang='lat' dir='ltr'>cuius</span> <span class='ocrx_word' id='word_1_244' title='bbox 741 4705 883 4774; x_wconf 84' lang='lat' dir='ltr'>thalamo</span> <span class='ocrx_word' id='word_1_245' title='bbox 906 4704 1112 4788; x_wconf 88' lang='lat' dir='ltr'>parapherna</span> <span class='ocrx_word' id='word_1_246' title='bbox 1132 4711 1290 4787; x_wconf 88' lang='lat' dir='ltr'>parantur</span> 
     </span>
    </p>
   </div>
   <div class='ocr_carea' id='block_1_5' title="bbox 0 0 1764 5709">
    <p class='ocr_par' dir='ltr' id='par_1_6' title="bbox 0 0 1764 5709">
     <span class='ocr_line' id='line_1_40' title="bbox 0 0 1764 5709; baseline 0 0"><span class='ocrx_word' id='word_1_247' title='bbox 0 0 1764 5709; x_wconf 95' lang='lat' dir='ltr'> </span> 
     </span>
    </p>
   </div>
  </div>
 </body>
</html>
