3517 5709
700 655 941 727 oonamomn.
1352 657 1395 728 9'3

283 820 405 891 andum
426 819 531 899 magis
553 819 717 900 magisque
739 835 873 898 serpens
897 802 996 898 aegra
1016 818 1132 882 circum
1156 815 1279 884 viscera

330 925 460 990 morbus
483 930 659 988 extremum
684 923 834 1000 minatur,
857 923 942 1004 quod
965 922 1051 1004 capit
1074 921 1263 1014 mortalitas,

331 1048 382 1094 me
404 1029 527 1096 caduca
548 1046 623 1110 spes
644 1029 733 1092 inani
757 1027 952 1110 derelinquit
974 1028 1098 1093 omine:

334 1140 410 1199 ante
433 1152 497 1200 nnn
521 1139 616 1198 notas
639 1151 797 1198 novercae
820 1134 917 1197 sortis
940 1133 1088 1214 experior
1110 1132 1204 1198 vices.

334 1239 395 1316 Qui
417 1238 508 1320 prius
532 1237 699 1318 stridebat,
722 1237 797 1318 igne
821 1237 928 1303 sobrio
951 1236 1063 1304 lucens
1086 1234 1185 1315 focus,

284 1361 417 1413 mnunc
438 1344 544 1409 cibum
566 1347 697 1408 mnuem
718 1343 891 1422 ministrat,
916 1361 990 1408 aere
1012 1359 1146 1424 pressus
1169 1359 1232 1407 non
1257 1359 1343 1426 meo;

332 1447 385 1513 vix
408 1447 476 1513 dies
499 1467 519 1513 a
541 1449 734 1514 creditorum
756 1450 853 1530 plebe
875 1465 996 1530 paucos
1019 1449 1164 1528 impetro.

374 1553 446 1618 Non
470 1552 547 1618 mibi
570 1558 628 1618 aut
649 1553 791 1633 superba
813 1553 913 1618 vestis
937 1553 1142 1617 anteatinus
1167 1551 1300 1634 dapsilis

306 1664 390 1734 ,aut
412 1657 524 1722 domus
547 1657 695 1738 neglecta
717 1675 795 1723 cura
816 1657 944 1739 peperit
966 1656 1025 1724 boc
1049 1658 1260 1740 dispendium,

333 1762 390 1828 sed
414 1764 545 1830 dolosae
568 1762 693 1828 fraudis
717 1780 831 1845 expers
854 1768 968 1844 pectus
993 1767 1025 1828 et
1048 1782 1138 1828 mens
1162 1765 1297 1848 integra,

206 1867 212 1875 ’
286 1884 390 1937 aeneo
412 1885 505 1936 sacro
530 1868 654 1935 venalis
677 1886 756 1938 auro
780 1885 841 1933 nec
863 1867 1032 1949 redempta
1054 1867 1239 1949 honoribus,

334 1973 392 2038 sed
414 1991 472 2039 suo
494 1979 646 2039 contenta
668 1971 745 2039 fato.
789 1972 896 2039 Mater
920 1973 1001 2040 haec
1024 1974 1131 2039 damni
1155 1973 1224 2055 fnit,

334 2078 456 2159 optima
477 2083 527 2144 est
549 2080 644 2146 enixa
664 2079 787 2162 prolem
811 2081 983 2161 pessimam
1006 2098 1176 2161 puerpera.

334 2181 466 2249 Publica
489 2186 624 2250 accessit
646 2185 789 2267 procella
812 2185 988 2266 derepente
1011 2186 1043 2249 in
1068 2185 1203 2252 Daniam

336 2287 401 2350 tale
425 2287 469 2351 nil
493 2289 661 2371 quicquam
684 2290 850 2355 timentem
875 2289 1042 2354 detonans,
1087 2288 1175 2356 Mars
1198 2291 1324 2374 impius,

286 2392 409 2462 rodum
431 2392 486 2472 pia
507 2392 616 2457 obiicit
636 2392 773 2472 profano
795 2392 890 2456 militi
913 2392 1083 2472 stipendia,

335 2496 461 2563 Palladi
484 2497 601 2563 minuit
622 2497 778 2578 pudorem
800 2498 929 2579 viroque
953 2497 1055 2562 Musis
1078 2497 1195 2580 intulit,

338 2609 450 2668 sancta
471 2619 594 2682 regum,
618 2602 678 2667 diis
699 2607 828 2668 sacrata
850 2601 935 2666 dona
958 2602 991 2666 in
1017 2602 1124 2676 alvum
1147 2623 1324 2687 congerens

338 2707 465 2772 urbium
490 2710 616 2772 centum
640 2723 801 2788 capacem,
826 2711 895 2770 tota
917 2705 1099 2770 sorbentem
1124 2707 1250 2789 oppida.

338 2811 421 2878 Exul
445 2831 522 2893 erga
545 2811 618 2878 diva
642 2812 760 2892 nutrix,
783 2811 906 2893 praeda
928 2809 1033 2891 Marti,
1058 2811 1172 2876 detulit
1254 2888 1260 2898 ι

291 2918 440 2987 ramulta
462 2937 580 2997 secum,
604 2918 680 2982 nixa
702 2918 793 3000 queis
815 2923 882 2982 stat
904 2916 1013 2983 liberis
1036 2918 1116 2982 uber
1139 2917 1260 2984 domus.

339 3021 427 3087 Pone
451 3022 626 3088 Gradivum
651 3027 762 3087 secuta
785 3025 834 3086 est
856 3020 921 3100 illa,
945 3039 1027 3103 quae
1050 3039 1108 3086 ceu
1129 3023 1285 3103 pestilens

340 3125 429 3190 sidus
452 3145 561 3193 omnes
584 3125 671 3192 orbis
693 3143 767 3192 oras
789 3124 889 3206 aldai,
914 3131 1003 3191 arcta
1026 3123 1159 3192 Caritas.

342 3229 411 3307 Quo
433 3249 526 3313 mage
549 3251 710 3298 annonam
732 3230 879 3312 flagellat
902 3249 976 3295 rura
998 3229 1121 3310 messis,
1145 3232 1205 3300 hoc
1227 3237 1326 3318 magis

342 3332 455 3402 deficit
469 3336 571 3403 Musis
595 3338 744 3417 dicatum,
768 3336 911 3418 sumptui
933 3336 1046 3417 impar,
1069 3338 1254 3418 praemium.

294 3438 423 3510 mnino
444 3446 579 3522 penates
601 3443 786 3508 imminutos
810 3442 921 3524 pulsat
943 3442 1136 3523 Indigentia,

340 3563 460 3628 aesque
484 3547 582 3626 penui
605 3547 801 3613 destinatum
824 3546 1010 3613 foenerator
1033 3546 1159 3628 abripit.

387 3649 421 3714 Si
444 3650 521 3732 quid
544 3668 562 3713 e
584 3651 673 3713 tenui
696 3650 801 3715 salino
823 3667 922 3730 parca
945 3650 1089 3731 seposuit
1111 3668 1237 3730 manus,

286 3821 289 3825 ἵ
341 3752 375 3818 id
398 3752 459 3817 sibi
483 3752 626 3833 deposcit
647 3772 741 3818 omne
763 3753 1008 3835 pharmacorum
1032 3754 1186 3834 conditor,

343 3875 461 3922 aureae
484 3861 625 3922 structor
646 3857 796 3938 popinae,
819 3873 945 3936 gnavus
968 3855 1172 3937 Hippocratis
1196 3848 1324 3942 coquus.

296 3960 497 4033 taSanitatis
520 3981 539 4027 e
560 3961 699 4026 taberna
720 3961 837 4028 missus
860 3960 992 4027 advolat
1013 3979 1104 4042 puer,

344 4085 420 4132 vnce
443 4066 523 4133 solvi
546 4063 740 4149 turbulenta,
765 4069 836 4135 iure
858 4069 969 4135 stricto
993 4070 1160 4150 postulans

343 4173 391 4235 tot
413 4178 615 4253 receptarum
638 4172 799 4257 cylindros
821 4178 933 4256 totque
956 4173 1080 4238 dasium
1104 4173 1237 4254 codices,

343 4280 392 4340 tot
414 4294 559 4362 syrupos‚
581 4283 631 4344 tot
653 4279 828 4348 trochiscos
851 4295 1029 4361 arcensque
1052 4278 1265 4362 ecligmatum,

345 4383 511 4466 morsulos,
535 4385 671 4463 mbulas,
694 4383 794 4464 elirrir²
816 4383 978 4465 pulveres,
1002 4384 1241 4465 cataplasmata,

297 4490 392 4555 uotot
414 4488 579 4557 catharses
600 4489 634 4553 in
657 4489 794 4570 patellis,
818 4489 851 4554 in
873 4489 1007 4555 cucullis
1029 4488 1167 4569 pillulas,

344 4597 423 4675 quot
444 4600 565 4676 queant
586 4596 672 4662 ciere
694 4602 818 4679 septem
840 4597 1033 4663 rusticorum
1055 4597 1210 4678 pantices,

216 4792 220 4800 Ι
345 4697 417 4777 beu,
441 4699 536 4766 nimis
557 4701 700 4782 pretiosa
722 4689 854 4769 mensae
875 4703 1029 4784 pauperis
1050 4698 1227 4768 ientaculal
