3517 5709
739 663 890 720 somn.

264 821 476 904 msEnropoe
497 823 618 904 priscos
641 824 815 905 corrumpit
838 822 941 888 Gallio
964 841 1078 903 mores,

330 933 362 992 et
385 928 463 994 vitio
486 946 561 992 nere
583 929 673 1010 gravi
695 928 1049 1010 multoque'redempta
1071 931 1200 1012 periclo,

329 1030 393 1097 lert
415 1032 545 1115 reliquis
569 1034 664 1098 terris
688 1039 721 1098 et
743 1041 877 1100 cunctos
901 1033 1150 1100 fascinatores:

330 1137 485 1219 pristinus
507 1137 582 1203 hino
604 1139 760 1217 decrescit
781 1138 883 1203 honos
908 1145 940 1202 et
962 1139 1105 1205 mascula
1127 1140 1229 1207 virtus

329 1247 425 1326 atque
448 1243 544 1308 onimi
567 1241 668 1308 fortes
691 1243 872 1326 invictoque
896 1245 1013 1310 robora
1035 1245 1128 1325 bello,

265 1367 318 1420 ono
329 1349 426 1430 inque
448 1347 552 1412 locum
574 1350 716 1415 subsunt
737 1351 889 1434 periurio,
914 1347 1009 1414 foedo
1032 1349 1139 1429 libido,

330 1451 479 1518 foeminei
502 1458 655 1533 comptus.
701 1453 774 1517 Sint
796 1452 920 1518 Gallico
945 1458 1060 1521 cuncta
1083 1469 1214 1518 necesse
1239 1457 1297 1531 est,

330 1558 498 1623 verborum
520 1559 681 1639 ampullae
703 1559 873 1640 patrioque
897 1556 1036 1623 infausta
1059 1557 1206 1639 loquelus

331 1662 453 1728 Gallico
476 1680 546 1743 vox,
569 1681 632 1727 non
655 1662 824 1744 indigenis,
849 1682 913 1727 non
937 1663 1064 1744 cognita
1088 1662 1157 1742 oiri,

333 1768 456 1834 Gallico
476 1767 620 1832 luxuries
644 1771 677 1832 et
699 1766 823 1831 Gallica
846 1767 941 1832 cordo
964 1766 1110 1832 simultas

264 1890 317 1944 oss
331 1878 364 1938 et
387 1870 479 1937 lrons
501 1877 533 1935 et
554 1871 686 1936 lenitus:
717 1871 750 1935 in
775 1890 909 1954 corporo
933 1871 1055 1937 Gnllion
1079 1870 1187 1950 vestis,

331 1985 364 2044 et
386 1976 471 2043 Galli
494 1977 591 2052 ritus3
613 1977 712 2041 mittit
733 1994 860 2059 quoque
884 1977 991 2042 Gallio
1012 1993 1161 2057 spurcum

331 2089 497 2164 oontsgem
519 2081 728 2163 insuetusque
750 2063 809 2163 per
831 2101 922 2146 ormo
945 2082 1081 2147 duellios
1103 2086 1231 2145 mortes.

374 2185 467 2250 Talis
489 2185 564 2251 dum
586 2191 741 2251 memorot
764 2193 920 2251 commotu
943 2185 1152 2268 percita.bile

330 2288 463 2366 Urania,
486 2288 527 2352 sd
550 2289 714 2353 Phoebum
739 2290 869 2354 devenit
893 2290 1038 2371 epistola,
1061 2306 1211 2370 magnum

265 2414 319 2465 loo
331 2393 536 2458 descendisse
559 2393 661 2456 virum
684 2392 725 2456 ad
750 2411 894 2473 superos
918 2393 1099 2476 Venerique
1123 2391 1279 2460 talentum

332 2503 365 2561 et
386 2495 474 2563 millo
496 2498 529 2562 in
551 2495 671 2564 tabulis
692 2496 797 2562 minos
818 2496 943 2579 legasse
966 2499 1071 2582 Lyaeo

332 2607 429 2685 utque
451 2603 562 2668 obolos
584 2601 686 2667 Musis
708 2601 834 2683 quinos,
858 2607 894 2667 ut
916 2618 993 2667 vose
1016 2618 1132 2667 sonoro

331 2708 481 2787 patricias
502 2708 617 2774 landes
640 2711 672 2772 et
695 2706 789 2771 doctu
812 2707 955 2789 opioedia
979 2710 1118 2772 content.

330 2812 418 2892 Illae,
442 2791 482 2876 ne
506 2812 587 2878 tanti
610 2811 734 2877 ferrent
757 2810 925 2894 dispendia
947 2812 1037 2891 lucri,

265 2918 501 2985 sosonrrebsnt
521 2917 644 2983 alacres
667 2919 850 2985 celebrandi
872 2919 914 2984 ad
937 2919 1032 2984 bustu
1054 2917 1190 3000 patroni.
